%%% -*-BibTeX-*-
%%% ====================================================================
%%%  BibTeX-file{
%%%     author          = "Nelson H. F. Beebe",
%%%     version         = "1.07",
%%%     date            = "16 March 2012",
%%%     time            = "14:34:58 MST",
%%%     filename        = "ecmastd.bib",
%%%     address         = "University of Utah
%%%                        Department of Mathematics, 110 LCB
%%%                        155 S 1400 E RM 233
%%%                        Salt Lake City, UT 84112-0090
%%%                        USA",
%%%     telephone       = "+1 801 581 5254",
%%%     FAX             = "+1 801 581 4148",
%%%     URL             = "http://www.math.utah.edu/~beebe",
%%%     checksum        = "27512 4373 15221 166166",
%%%     email           = "beebe at math.utah.edu, beebe at acm.org,
%%%                        beebe at computer.org (Internet)",
%%%     codetable       = "ISO/ASCII",
%%%     keywords        = "ECMA (European Computer Manufacturers
%%%                        Association); ECMA (European Association for
%%%                        Standardizing Information and Communication
%%%                        Systems)",
%%%     license         = "public domain",
%%%     supported       = "yes",
%%%     docstring       = "This is a COMPLETE bibliography of current
%%%                        ECMA Standards, derived from data at its
%%%                        World-Wide Web site
%%%
%%%                            http://www.ecma-international.org/
%%%                            http://www.ecma.ch/
%%%                            http://www.ecma.ch/ecma1/STAND/standard.htm (old)
%%%                            http://www.ecma-international.org/publications/standards/Standard.htm
%%%
%%%                        Withdrawn ECMA standards are not included,
%%%                        but could be at some later date if data can
%%%                        be found for them.
%%%
%%%                        ECMA was founded in May 1961 as the European
%%%                        Computer Manufacturers Association, with
%%%                        headquarters in Geneva, Switzerland, near ISO
%%%                        (the International Organization for
%%%                        Standardization) and IEC (the International
%%%                        Electrotechnical Commission).  The name was
%%%                        changed in 1994 to ECMA: European Association
%%%                        for Standardizing Information and
%%%                        Communication Systems. For details of the
%%%                        history of ECMA, visit Web location
%%%
%%%                            http://www.ecma.ch/ecma1/MEMENTO/history.htm
%%%
%%%                        Unlike the often-costly ANSI and ISO
%%%                        standards, ECMA standards are freely
%%%                        available.
%%%
%%%                        At version 1.07, the year coverage looked
%%%                        like this:
%%%
%%%                             1985 (   2)    1993 (  14)    2001 (  13)
%%%                             1986 (   2)    1994 (  10)    2002 (   6)
%%%                             1987 (   2)    1995 (  10)    2003 (  11)
%%%                             1988 (   1)    1996 (  12)    2004 (  17)
%%%                             1989 (   0)    1997 (  43)    2005 (  10)
%%%                             1990 (   4)    1998 (  19)    2006 (   8)
%%%                             1991 (   5)    1999 (  22)
%%%                             1992 (  11)    2000 (  33)
%%%
%%%                             Book:           255
%%%
%%%                             Total entries:  255
%%%
%%%                        The checksum field above contains a CRC-16
%%%                        checksum as the first value, followed by the
%%%                        equivalent of the standard UNIX wc (word
%%%                        count) utility output of lines, words, and
%%%                        characters.  This is produced by Robert
%%%                        Solovay's checksum utility.",
%%%  }
%%% ====================================================================

%%% ====================================================================
%%% Acknowledgement abbreviations:

@String{ack-nhfb = "Nelson H. F. Beebe,
                    University of Utah,
                    Department of Mathematics, 110 LCB,
                    155 S 1400 E RM 233,
                    Salt Lake City, UT 84112-0090, USA,
                    Tel: +1 801 581 5254,
                    FAX: +1 801 581 4148,
                    e-mail: \path|beebe@math.utah.edu|,
                            \path|beebe@acm.org|,
                            \path|beebe@computer.org| (Internet),
                    URL: \path|http://www.math.utah.edu/~beebe/|"}

%%% ====================================================================
%%% Publisher abbreviations:

@String{pub-ECMA                = "ECMA (European Association for
                                   Standardizing Information and
                                   Communication Systems)"}

@String{pub-ECMA:adr             = "Geneva, Switzerland"}

%%% ====================================================================
%%% Bibliography entries:

@Book{ECMA-6,
  author =       "{ECMA}",
  title =        "{ECMA-6}: $7$-Bit Coded Character Set",
  publisher =    pub-ECMA,
  address =      pub-ECMA:adr,
  edition =      "Sixth",
  month =        dec,
  year =         "1991",
  bibdate =      "Thu Feb 22 08:43:46 MST 2001",
  bibsource =    "http://www.ecma-international.org/publications/standards/Standard.htm",
  URL =          "http://www.ecma.ch/ecma1/STAND/ECMA-006.HTM",
  acknowledgement = ack-nhfb,
  ECMAnumber =   "ECMA-6",
}

@Book{ECMA-13,
  author =       "{ECMA}",
  title =        "{ECMA-13}: File Structure and Labelling of Magnetic
                 Tapes for Information Interchange",
  publisher =    pub-ECMA,
  address =      pub-ECMA:adr,
  edition =      "Fourth",
  month =        dec,
  year =         "1985",
  bibdate =      "Thu Feb 22 08:43:46 MST 2001",
  bibsource =    "http://www.ecma-international.org/publications/standards/Standard.htm",
  URL =          "http://www.ecma.ch/ecma1/STAND/ECMA-013.HTM",
  acknowledgement = ack-nhfb,
  ECMAnumber =   "ECMA-13",
}

@Book{ECMA-35,
  author =       "{ECMA}",
  title =        "{ECMA-35}: Character Code Structure and Extension
                 Techniques",
  publisher =    pub-ECMA,
  address =      pub-ECMA:adr,
  edition =      "Sixth",
  month =        dec,
  year =         "1994",
  bibdate =      "Thu Feb 22 08:43:46 MST 2001",
  bibsource =    "http://www.ecma-international.org/publications/standards/Standard.htm",
  URL =          "http://www.ecma.ch/ecma1/STAND/ECMA-035.HTM",
  acknowledgement = ack-nhfb,
  ECMAnumber =   "ECMA-35",
}

@Book{ECMA-43,
  author =       "{ECMA}",
  title =        "{ECMA-43}: $8$-Bit Coded Character Set Structure and
                 Rules",
  publisher =    pub-ECMA,
  address =      pub-ECMA:adr,
  edition =      "Third",
  month =        dec,
  year =         "1991",
  bibdate =      "Thu Feb 22 08:43:46 MST 2001",
  bibsource =    "http://www.ecma-international.org/publications/standards/Standard.htm",
  URL =          "http://www.ecma.ch/ecma1/STAND/ECMA-043.HTM",
  acknowledgement = ack-nhfb,
  ECMAnumber =   "ECMA-43",
}

@Book{ECMA-48,
  author =       "{ECMA}",
  title =        "{ECMA-48}: Control Functions for Coded Character
                 Sets",
  publisher =    pub-ECMA,
  address =      pub-ECMA:adr,
  edition =      "Fifth",
  month =        jun,
  year =         "1991",
  bibdate =      "Thu Feb 22 08:43:46 MST 2001",
  bibsource =    "http://www.ecma-international.org/publications/standards/Standard.htm",
  URL =          "http://www.ecma.ch/ecma1/STAND/ECMA-048.HTM",
  acknowledgement = ack-nhfb,
  ECMAnumber =   "ECMA-48",
}

@Book{ECMA-74,
  author =       "{ECMA}",
  title =        "{ECMA-74}: Measurement of Airborne Noise Emitted by
                 Information Technology and Telecommunications
                 Equipment",
  publisher =    pub-ECMA,
  address =      pub-ECMA:adr,
  edition =      "Sixth",
  month =        dec,
  year =         "1999",
  bibdate =      "Thu Feb 22 08:43:46 MST 2001",
  bibsource =    "http://www.ecma-international.org/publications/standards/Standard.htm",
  URL =          "http://www.ecma.ch/ecma1/STAND/ECMA-074.HTM",
  acknowledgement = ack-nhfb,
  ECMAnumber =   "ECMA-74",
}

@Book{ECMA-94,
  author =       "{ECMA}",
  title =        "{ECMA-94}: $8$-Bit Single-Byte Coded Graphic Character
                 Sets --- {Latin} Alphabets No. 1 to No. 4",
  publisher =    pub-ECMA,
  address =      pub-ECMA:adr,
  edition =      "Second",
  month =        jun,
  year =         "1986",
  bibdate =      "Thu Feb 22 08:43:46 MST 2001",
  bibsource =    "http://www.ecma-international.org/publications/standards/Standard.htm",
  URL =          "http://www.ecma.ch/ecma1/STAND/ECMA-094.HTM",
  acknowledgement = ack-nhfb,
  ECMAnumber =   "ECMA-94",
}

@Book{ECMA-99,
  author =       "{ECMA}",
  title =        "{ECMA-99}: Data Interchange on 130\,mm Flexible Disk
                 Cartridges Using {MFM} Recording at 13\,262\,ftprad on
                 Both Sides, 3,8\,Tracks per mm",
  publisher =    pub-ECMA,
  address =      pub-ECMA:adr,
  month =        sep,
  year =         "1985",
  bibdate =      "Thu Feb 22 08:43:46 MST 2001",
  bibsource =    "http://www.ecma-international.org/publications/standards/Standard.htm",
  URL =          "http://www.ecma.ch/ecma1/STAND/ECMA-099.HTM",
  acknowledgement = ack-nhfb,
  ECMAnumber =   "ECMA-99",
}

@Book{ECMA-100,
  author =       "{ECMA}",
  title =        "{ECMA-100}: Data Interchange on 90\,mm Flexible Disk
                 Cartridges Using {MFM} Recording at 7\,958\,ftprad on
                 80\,Tracks on Each Side --- {ISO} Type 301",
  publisher =    pub-ECMA,
  address =      pub-ECMA:adr,
  edition =      "Second",
  month =        dec,
  year =         "1988",
  bibdate =      "Thu Feb 22 08:43:46 MST 2001",
  bibsource =    "http://www.ecma-international.org/publications/standards/Standard.htm",
  URL =          "http://www.ecma.ch/ecma1/STAND/ECMA-100.HTM",
  acknowledgement = ack-nhfb,
  ECMAnumber =   "ECMA-100",
}

@Book{ECMA-106,
  author =       "{ECMA}",
  title =        "{ECMA-106}: {Private Telecommunication Networks}
                 ({PTN}) --- Signalling Protocol at the {S} Reference
                 Point --- Circuit Mode Basic Services ({SSIG-BC})",
  publisher =    pub-ECMA,
  address =      pub-ECMA:adr,
  edition =      "Third",
  month =        dec,
  year =         "1993",
  bibdate =      "Thu Feb 22 08:43:46 MST 2001",
  bibsource =    "http://www.ecma-international.org/publications/standards/Standard.htm",
  URL =          "http://www.ecma.ch/ecma1/STAND/ECMA-106.HTM",
  acknowledgement = ack-nhfb,
  ECMAnumber =   "ECMA-106",
}

@Book{ECMA-107,
  author =       "{ECMA}",
  title =        "{ECMA-107}: Volume and File Structure of Disk
                 Cartridges for Information Interchange",
  publisher =    pub-ECMA,
  address =      pub-ECMA:adr,
  edition =      "Second",
  month =        jun,
  year =         "1995",
  bibdate =      "Thu Feb 22 08:43:46 MST 2001",
  bibsource =    "http://www.ecma-international.org/publications/standards/Standard.htm",
  URL =          "http://www.ecma.ch/ecma1/STAND/ECMA-107.HTM",
  acknowledgement = ack-nhfb,
  ECMAnumber =   "ECMA-107",
}

@Book{ECMA-108,
  author =       "{ECMA}",
  title =        "{ECMA-108}: Measurement of High-Frequency Noise
                 Emitted by Information Technology and
                 Telecommunications Equipment",
  publisher =    pub-ECMA,
  address =      pub-ECMA:adr,
  edition =      "Third",
  month =        dec,
  year =         "1996",
  bibdate =      "Thu Feb 22 08:43:46 MST 2001",
  bibsource =    "http://www.ecma-international.org/publications/standards/Standard.htm",
  URL =          "http://www.ecma.ch/ecma1/STAND/ECMA-108.HTM",
  acknowledgement = ack-nhfb,
  ECMAnumber =   "ECMA-108",
}

@Book{ECMA-109,
  author =       "{ECMA}",
  title =        "{ECMA-109}: Declared Noise Emission Values of
                 Information Technology and Telecommunications
                 Equipment",
  publisher =    pub-ECMA,
  address =      pub-ECMA:adr,
  edition =      "Fourth",
  month =        dec,
  year =         "1996",
  bibdate =      "Thu Feb 22 08:43:46 MST 2001",
  bibsource =    "http://www.ecma-international.org/publications/standards/Standard.htm",
  URL =          "http://www.ecma.ch/ecma1/STAND/ECMA-109.HTM",
  acknowledgement = ack-nhfb,
  ECMAnumber =   "ECMA-109",
}

@Book{ECMA-113,
  author =       "{ECMA}",
  title =        "{ECMA-113}: $8$-Bit Single-Byte Coded Graphic
                 Character Sets --- {Latin\slash Cyrillic} Alphabet",
  publisher =    pub-ECMA,
  address =      pub-ECMA:adr,
  edition =      "Third",
  month =        dec,
  year =         "1999",
  bibdate =      "Thu Feb 22 08:43:46 MST 2001",
  bibsource =    "http://www.ecma-international.org/publications/standards/Standard.htm",
  URL =          "http://www.ecma.ch/ecma1/STAND/ECMA-113.HTM",
  acknowledgement = ack-nhfb,
  ECMAnumber =   "ECMA-113",
}

@Book{ECMA-114,
  author =       "{ECMA}",
  title =        "{ECMA-114}: $8$-Bit Single-Byte Coded Graphic
                 Character Sets --- {Latin\slash Arabic} Alphabet",
  publisher =    pub-ECMA,
  address =      pub-ECMA:adr,
  edition =      "Second",
  month =        dec,
  year =         "2000",
  bibdate =      "Thu Feb 22 08:43:46 MST 2001",
  bibsource =    "http://www.ecma-international.org/publications/standards/Standard.htm",
  URL =          "http://www.ecma.ch/ecma1/STAND/ECMA-114.HTM",
  acknowledgement = ack-nhfb,
  ECMAnumber =   "ECMA-114",
}

@Book{ECMA-118,
  author =       "{ECMA}",
  title =        "{ECMA-118}: $8$-Bit Single-Byte Coded Graphic
                 Character Sets --- {Latin\slash Greek} Alphabet",
  publisher =    pub-ECMA,
  address =      pub-ECMA:adr,
  month =        dec,
  year =         "1986",
  bibdate =      "Thu Feb 22 08:43:46 MST 2001",
  bibsource =    "http://www.ecma-international.org/publications/standards/Standard.htm",
  URL =          "http://www.ecma.ch/ecma1/STAND/ECMA-118.HTM",
  acknowledgement = ack-nhfb,
  ECMAnumber =   "ECMA-118",
}

@Book{ECMA-119,
  author =       "{ECMA}",
  title =        "{ECMA-119}: Volume and File Structure of {CDROM} for
                 Information Interchange",
  publisher =    pub-ECMA,
  address =      pub-ECMA:adr,
  edition =      "Second",
  month =        dec,
  year =         "1987",
  bibdate =      "Thu Feb 22 08:43:46 MST 2001",
  bibsource =    "http://www.ecma-international.org/publications/standards/Standard.htm",
  URL =          "http://www.ecma.ch/ecma1/STAND/ECMA-119.HTM",
  acknowledgement = ack-nhfb,
  ECMAnumber =   "ECMA-119",
}

@Book{ECMA-120,
  author =       "{ECMA}",
  title =        "{ECMA-120}: Data Interchange on 12,7\,mm 18-Track
                 Magnetic Tape Cartridges",
  publisher =    pub-ECMA,
  address =      pub-ECMA:adr,
  edition =      "Third",
  month =        dec,
  year =         "1993",
  bibdate =      "Thu Feb 22 08:43:46 MST 2001",
  bibsource =    "http://www.ecma-international.org/publications/standards/Standard.htm",
  URL =          "http://www.ecma.ch/ecma1/STAND/ECMA-120.HTM",
  acknowledgement = ack-nhfb,
  ECMAnumber =   "ECMA-120",
}

@Book{ECMA-121,
  author =       "{ECMA}",
  title =        "{ECMA-121}: $8$-Bit Single-Byte Coded Graphic
                 Character Sets --- {Latin\slash Hebrew} Alphabet",
  publisher =    pub-ECMA,
  address =      pub-ECMA:adr,
  edition =      "Second",
  month =        dec,
  year =         "2000",
  bibdate =      "Thu Feb 22 08:43:46 MST 2001",
  bibsource =    "http://www.ecma-international.org/publications/standards/Standard.htm",
  URL =          "http://www.ecma.ch/ecma1/STAND/ECMA-121.HTM",
  acknowledgement = ack-nhfb,
  ECMAnumber =   "ECMA-121",
}

@Book{ECMA-125,
  author =       "{ECMA}",
  title =        "{ECMA-125}: Data Interchange on 90\,mm Flexible Disk
                 Cartridges Using {MFM} Recording at 15\,916\,ftprad on
                 80\,Tracks on Each Side --- {ISO} Type 302",
  publisher =    pub-ECMA,
  address =      pub-ECMA:adr,
  month =        dec,
  year =         "1987",
  bibdate =      "Thu Feb 22 08:43:46 MST 2001",
  bibsource =    "http://www.ecma-international.org/publications/standards/Standard.htm",
  URL =          "http://www.ecma.ch/ecma1/STAND/ECMA-125.HTM",
  acknowledgement = ack-nhfb,
  ECMAnumber =   "ECMA-125",
}

@Book{ECMA-128,
  author =       "{ECMA}",
  title =        "{ECMA-128}: $8$-Bit Single-Byte Coded Graphic
                 Character Sets --- {Latin} Alphabet No. 5",
  publisher =    pub-ECMA,
  address =      pub-ECMA:adr,
  edition =      "Second",
  month =        dec,
  year =         "1999",
  bibdate =      "Thu Feb 22 08:43:46 MST 2001",
  bibsource =    "http://www.ecma-international.org/publications/standards/Standard.htm",
  URL =          "http://www.ecma.ch/ecma1/STAND/ECMA-128.HTM",
  acknowledgement = ack-nhfb,
  ECMAnumber =   "ECMA-128",
}

@Book{ECMA-130,
  author =       "{ECMA}",
  title =        "{ECMA-130}: Data Interchange on Read-only 120\,mm
                 Optical Data Disks ({CD-ROM})",
  publisher =    pub-ECMA,
  address =      pub-ECMA:adr,
  edition =      "Second",
  month =        jun,
  year =         "1996",
  bibdate =      "Thu Feb 22 08:43:46 MST 2001",
  bibsource =    "http://www.ecma-international.org/publications/standards/Standard.htm",
  URL =          "http://www.ecma.ch/ecma1/STAND/ECMA-130.HTM",
  acknowledgement = ack-nhfb,
  ECMAnumber =   "ECMA-130",
}

@Book{ECMA-133,
  author =       "{ECMA}",
  title =        "{ECMA-133}: {Private Integrated Services Network}
                 ({PISN}) --- Reference Configurations for {PISN
                 Exchanges} ({PINX})",
  publisher =    pub-ECMA,
  address =      pub-ECMA:adr,
  edition =      "Second",
  month =        dec,
  year =         "1998",
  bibdate =      "Thu Feb 22 08:43:46 MST 2001",
  bibsource =    "http://www.ecma-international.org/publications/standards/Standard.htm",
  URL =          "http://www.ecma.ch/ecma1/STAND/ECMA-133.HTM",
  acknowledgement = ack-nhfb,
  ECMAnumber =   "ECMA-133",
}

@Book{ECMA-139,
  author =       "{ECMA}",
  title =        "{ECMA-139}: 3,81\,mm Wide Magnetic Tape Cartridge for
                 Information Interchange --- Helical Scan Recording ---
                 {DDS} Format",
  publisher =    pub-ECMA,
  address =      pub-ECMA:adr,
  month =        jun,
  year =         "1990",
  bibdate =      "Thu Feb 22 08:43:46 MST 2001",
  bibsource =    "http://www.ecma-international.org/publications/standards/Standard.htm",
  URL =          "http://www.ecma.ch/ecma1/STAND/ECMA-139.HTM",
  acknowledgement = ack-nhfb,
  ECMAnumber =   "ECMA-139",
}

@Book{ECMA-142,
  author =       "{ECMA}",
  title =        "{ECMA-142}: {Private Integrated Services Network}
                 ({PISN}) --- Circuit Mode 64\,kbit/s Bearer Services
                 --- Service Description, Functional Capabilities and
                 Information Flows ({BCSD})",
  publisher =    pub-ECMA,
  address =      pub-ECMA:adr,
  edition =      "Second",
  month =        jun,
  year =         "1997",
  bibdate =      "Thu Feb 22 08:43:46 MST 2001",
  bibsource =    "http://www.ecma-international.org/publications/standards/Standard.htm",
  URL =          "http://www.ecma.ch/ecma1/STAND/ECMA-142.HTM",
  acknowledgement = ack-nhfb,
  ECMAnumber =   "ECMA-142",
}

@Book{ECMA-143,
  author =       "{ECMA}",
  title =        "{ECMA-143}: {Private Integrated Services Network}
                 ({PISN}) --- Circuit Mode Bearer Services ---
                 Inter-Exchange Signalling Procedures and Protocol
                 ({QSIG-BC})",
  publisher =    pub-ECMA,
  address =      pub-ECMA:adr,
  edition =      "Third",
  month =        jun,
  year =         "1997",
  bibdate =      "Thu Feb 22 08:43:46 MST 2001",
  bibsource =    "http://www.ecma-international.org/publications/standards/Standard.htm",
  URL =          "http://www.ecma.ch/ecma1/STAND/ECMA-143.HTM",
  acknowledgement = ack-nhfb,
  ECMAnumber =   "ECMA-143",
}

@Book{ECMA-144,
  author =       "{ECMA}",
  title =        "{ECMA-144}: $8$-Bit Single-Byte Coded Character Sets
                 --- {Latin} Alphabet No. 6",
  publisher =    pub-ECMA,
  address =      pub-ECMA:adr,
  edition =      "Third",
  month =        dec,
  year =         "2000",
  bibdate =      "Thu Feb 22 08:43:46 MST 2001",
  bibsource =    "http://www.ecma-international.org/publications/standards/Standard.htm",
  URL =          "http://www.ecma.ch/ecma1/STAND/ECMA-144.HTM",
  acknowledgement = ack-nhfb,
  ECMAnumber =   "ECMA-144",
}

@Book{ECMA-145,
  author =       "{ECMA}",
  title =        "{ECMA-145}: 8\,mm Wide Magnetic Tape Cartridge for
                 Information Interchange --- Helical Scan Recording",
  publisher =    pub-ECMA,
  address =      pub-ECMA:adr,
  month =        dec,
  year =         "1990",
  bibdate =      "Thu Feb 22 08:43:46 MST 2001",
  bibsource =    "http://www.ecma-international.org/publications/standards/Standard.htm",
  URL =          "http://www.ecma.ch/ecma1/STAND/ECMA-145.HTM",
  acknowledgement = ack-nhfb,
  ECMAnumber =   "ECMA-145",
}

@Book{ECMA-146,
  author =       "{ECMA}",
  title =        "{ECMA-146}: 3,81\,mm Wide Magnetic Tape Cartridge for
                 Information Interchange --- Helical Scan Recording ---
                 {DATA\slash DAT} Format",
  publisher =    pub-ECMA,
  address =      pub-ECMA:adr,
  month =        dec,
  year =         "1990",
  bibdate =      "Thu Feb 22 08:43:46 MST 2001",
  bibsource =    "http://www.ecma-international.org/publications/standards/Standard.htm",
  URL =          "http://www.ecma.ch/ecma1/STAND/ECMA-146.HTM",
  acknowledgement = ack-nhfb,
  ECMAnumber =   "ECMA-146",
}

@Book{ECMA-147,
  author =       "{ECMA}",
  title =        "{ECMA-147}: Data Interchange on 90\,mm Flexible Disk
                 Cartridges using {MFM} Recording at 31\,831\,ftprad on
                 80\,Tracks on Each Side --- {ISO} Type 303",
  publisher =    pub-ECMA,
  address =      pub-ECMA:adr,
  month =        dec,
  year =         "1990",
  bibdate =      "Thu Feb 22 08:43:46 MST 2001",
  bibsource =    "http://www.ecma-international.org/publications/standards/Standard.htm",
  URL =          "http://www.ecma.ch/ecma1/STAND/ECMA-147.HTM",
  acknowledgement = ack-nhfb,
  ECMAnumber =   "ECMA-147",
}

@Book{ECMA-148,
  author =       "{ECMA}",
  title =        "{ECMA-148}: {Private Integrated Services Network}
                 ({PISN}) --- Specification, Functional Model and
                 Information Flows --- {Identification} Supplementary
                 Services ({ISSD})",
  publisher =    pub-ECMA,
  address =      pub-ECMA:adr,
  edition =      "Third",
  month =        jun,
  year =         "1997",
  bibdate =      "Thu Feb 22 08:43:46 MST 2001",
  bibsource =    "http://www.ecma-international.org/publications/standards/Standard.htm",
  URL =          "http://www.ecma.ch/ecma1/STAND/ECMA-148.HTM",
  acknowledgement = ack-nhfb,
  ECMAnumber =   "ECMA-148",
}

@Book{ECMA-149,
  author =       "{ECMA}",
  title =        "{ECMA-149}: {Portable Common Tool Environment}
                 ({PCTE}) --- Abstract Specification",
  publisher =    pub-ECMA,
  address =      pub-ECMA:adr,
  edition =      "Fourth",
  month =        dec,
  year =         "1997",
  bibdate =      "Thu Feb 22 08:43:46 MST 2001",
  bibsource =    "http://www.ecma-international.org/publications/standards/Standard.htm",
  URL =          "http://www.ecma.ch/ecma1/STAND/ECMA-149.HTM",
  acknowledgement = ack-nhfb,
  ECMAnumber =   "ECMA-149",
}

@Book{ECMA-150,
  author =       "{ECMA}",
  title =        "{ECMA-150}: 3,81\,mm Wide Magnetic Tape Cartridge for
                 Information Interchange --- Helical Scan Recording ---
                 {DDS-DC} Format using 60\,m and 90\,m Length Tapes",
  publisher =    pub-ECMA,
  address =      pub-ECMA:adr,
  edition =      "Second",
  month =        jun,
  year =         "1992",
  bibdate =      "Thu Feb 22 08:43:46 MST 2001",
  bibsource =    "http://www.ecma-international.org/publications/standards/Standard.htm",
  URL =          "http://www.ecma.ch/ecma1/STAND/ECMA-150.HTM",
  acknowledgement = ack-nhfb,
  ECMAnumber =   "ECMA-150",
}

@Book{ECMA-151,
  author =       "{ECMA}",
  title =        "{ECMA-151}: Data Compression for Information
                 Interchange --- Adaptive Coding with Embedded
                 Dictionary --- {DCLZ} Algorithm",
  publisher =    pub-ECMA,
  address =      pub-ECMA:adr,
  month =        jun,
  year =         "1991",
  bibdate =      "Thu Feb 22 08:43:46 MST 2001",
  bibsource =    "http://www.ecma-international.org/publications/standards/Standard.htm",
  URL =          "http://www.ecma.ch/ecma1/STAND/ECMA-151.HTM",
  acknowledgement = ack-nhfb,
  ECMAnumber =   "ECMA-151",
}

@Book{ECMA-152,
  author =       "{ECMA}",
  title =        "{ECMA-152}: Data Interchange on 12,7\,mm 18-Track
                 Magnetic Tape Cartridges --- Extended Format",
  publisher =    pub-ECMA,
  address =      pub-ECMA:adr,
  edition =      "Second",
  month =        dec,
  year =         "1993",
  bibdate =      "Thu Feb 22 08:43:46 MST 2001",
  bibsource =    "http://www.ecma-international.org/publications/standards/Standard.htm",
  URL =          "http://www.ecma.ch/ecma1/STAND/ECMA-152.HTM",
  acknowledgement = ack-nhfb,
  ECMAnumber =   "ECMA-152",
}

@Book{ECMA-153,
  author =       "{ECMA}",
  title =        "{ECMA-153}: Information Interchange on 130\,mm Optical
                 Disk Cartridges of the {Write Once, Read Multiple}
                 ({WORM}) Type, using the Magneto-Optical Effect",
  publisher =    pub-ECMA,
  address =      pub-ECMA:adr,
  edition =      "Second",
  month =        jun,
  year =         "1994",
  bibdate =      "Thu Feb 22 08:43:46 MST 2001",
  bibsource =    "http://www.ecma-international.org/publications/standards/Standard.htm",
  URL =          "http://www.ecma.ch/ecma1/STAND/ECMA-153.HTM",
  acknowledgement = ack-nhfb,
  ECMAnumber =   "ECMA-153",
}

@Book{ECMA-154,
  author =       "{ECMA}",
  title =        "{ECMA-154}: Data Interchange on 90\,mm Optical Disk
                 Cartridges, Read only and Rewritable, {M.O.}",
  publisher =    pub-ECMA,
  address =      pub-ECMA:adr,
  edition =      "Second",
  month =        jun,
  year =         "1994",
  bibdate =      "Thu Feb 22 08:43:46 MST 2001",
  bibsource =    "http://www.ecma-international.org/publications/standards/Standard.htm",
  URL =          "http://www.ecma.ch/ecma1/STAND/ECMA-154.HTM",
  acknowledgement = ack-nhfb,
  ECMAnumber =   "ECMA-154",
}

@Book{ECMA-155,
  author =       "{ECMA}",
  title =        "{ECMA-155}: {Private Integrated Services Networks} ---
                 Addressing",
  publisher =    pub-ECMA,
  address =      pub-ECMA:adr,
  edition =      "Second",
  month =        jun,
  year =         "1997",
  bibdate =      "Thu Feb 22 08:43:46 MST 2001",
  bibsource =    "http://www.ecma-international.org/publications/standards/Standard.htm",
  URL =          "http://www.ecma.ch/ecma1/STAND/ECMA-155.HTM",
  acknowledgement = ack-nhfb,
  ECMAnumber =   "ECMA-155",
}

@Book{ECMA-156,
  author =       "{ECMA}",
  title =        "{ECMA-156}: {Private Telecommunication Networks}
                 ({PTN}) --- Signalling at the {S} Reference Point ---
                 {Generic Keypad Protocol} for the Support of
                 Supplementary Services ({SSIG-KP})",
  publisher =    pub-ECMA,
  address =      pub-ECMA:adr,
  edition =      "Second",
  month =        jun,
  year =         "1993",
  bibdate =      "Thu Feb 22 08:43:46 MST 2001",
  bibsource =    "http://www.ecma-international.org/publications/standards/Standard.htm",
  URL =          "http://www.ecma.ch/ecma1/STAND/ECMA-156.HTM",
  acknowledgement = ack-nhfb,
  ECMAnumber =   "ECMA-156",
}

@Book{ECMA-157,
  author =       "{ECMA}",
  title =        "{ECMA-157}: {Private Telecommunication Networks}
                 ({PTN}) --- Signalling Protocol at the {S} Reference
                 Point --- {Identification} Supplementary Services
                 ({SSIG-ID})",
  publisher =    pub-ECMA,
  address =      pub-ECMA:adr,
  edition =      "Second",
  month =        jun,
  year =         "1993",
  bibdate =      "Thu Feb 22 08:43:46 MST 2001",
  bibsource =    "http://www.ecma-international.org/publications/standards/Standard.htm",
  URL =          "http://www.ecma.ch/ecma1/STAND/ECMA-157.HTM",
  acknowledgement = ack-nhfb,
  ECMAnumber =   "ECMA-157",
}

@Book{ECMA-158,
  author =       "{ECMA}",
  title =        "{ECMA-158}: {Portable Common Tool Environment}
                 ({PCTE}) --- {C} Programming Language Binding",
  publisher =    pub-ECMA,
  address =      pub-ECMA:adr,
  edition =      "Fourth",
  month =        dec,
  year =         "1997",
  bibdate =      "Thu Feb 22 08:43:46 MST 2001",
  bibsource =    "http://www.ecma-international.org/publications/standards/Standard.htm",
  URL =          "http://www.ecma.ch/ecma1/STAND/ECMA-158.HTM",
  acknowledgement = ack-nhfb,
  ECMAnumber =   "ECMA-158",
}

@Book{ECMA-159,
  author =       "{ECMA}",
  title =        "{ECMA-159}: Data Compression for Information
                 Interchange --- Binary Arithmetic Coding Algorithm",
  publisher =    pub-ECMA,
  address =      pub-ECMA:adr,
  month =        dec,
  year =         "1991",
  bibdate =      "Thu Feb 22 08:43:46 MST 2001",
  bibsource =    "http://www.ecma-international.org/publications/standards/Standard.htm",
  URL =          "http://www.ecma.ch/ecma1/STAND/ECMA-159.HTM",
  acknowledgement = ack-nhfb,
  ECMAnumber =   "ECMA-159",
}

@Book{ECMA-160,
  author =       "{ECMA}",
  title =        "{ECMA-160}: Determination of Sound Power Levels of
                 Computer and Business Equipment Using Sound Intensity
                 Measurements: Scanning Method in Controlled Rooms",
  publisher =    pub-ECMA,
  address =      pub-ECMA:adr,
  edition =      "Second",
  month =        dec,
  year =         "1992",
  bibdate =      "Thu Feb 22 08:43:46 MST 2001",
  bibsource =    "http://www.ecma-international.org/publications/standards/Standard.htm",
  URL =          "http://www.ecma.ch/ecma1/STAND/ECMA-160.HTM",
  acknowledgement = ack-nhfb,
  ECMAnumber =   "ECMA-160",
}

@Book{ECMA-161,
  author =       "{ECMA}",
  title =        "{ECMA-161}: {Private Telecommunication Networks}
                 ({PTN}) --- Signalling at the {S} Reference Point ---
                 {Generic Feature Key Management Protocol} for the
                 Control of Supplementary Services ({SSIG-FK})",
  publisher =    pub-ECMA,
  address =      pub-ECMA:adr,
  edition =      "Second",
  month =        jun,
  year =         "1993",
  bibdate =      "Thu Feb 22 08:43:46 MST 2001",
  bibsource =    "http://www.ecma-international.org/publications/standards/Standard.htm",
  URL =          "http://www.ecma.ch/ecma1/STAND/ECMA-161.HTM",
  acknowledgement = ack-nhfb,
  ECMAnumber =   "ECMA-161",
}

@Book{ECMA-162,
  author =       "{ECMA}",
  title =        "{ECMA-162}: {Portable Common Tool Environment}
                 ({PCTE}) --- {Ada} Programming Language Binding",
  publisher =    pub-ECMA,
  address =      pub-ECMA:adr,
  edition =      "Fourth",
  month =        dec,
  year =         "1997",
  bibdate =      "Thu Feb 22 08:43:46 MST 2001",
  bibsource =    "http://www.ecma-international.org/publications/standards/Standard.htm",
  URL =          "http://www.ecma.ch/ecma1/STAND/ECMA-162.HTM",
  acknowledgement = ack-nhfb,
  ECMAnumber =   "ECMA-162",
}

@Book{ECMA-163,
  author =       "{ECMA}",
  title =        "{ECMA-163}: {Private Integrated Services Network}
                 ({PISN}) --- Specification, Functional Model and
                 Information Flows --- {Name Identification}
                 Supplementary Services ({NISD})",
  publisher =    pub-ECMA,
  address =      pub-ECMA:adr,
  edition =      "Third",
  month =        sep,
  year =         "1997",
  bibdate =      "Thu Feb 22 08:43:46 MST 2001",
  bibsource =    "http://www.ecma-international.org/publications/standards/Standard.htm",
  URL =          "http://www.ecma.ch/ecma1/STAND/ECMA-163.HTM",
  acknowledgement = ack-nhfb,
  ECMAnumber =   "ECMA-163",
}

@Book{ECMA-164,
  author =       "{ECMA}",
  title =        "{ECMA-164}: {Private Integrated Services Network}
                 ({PISN}) --- {Inter-Exchange Signalling Protocol ---
                 Name Identification} Supplementary Services
                 ({QSIG-NA})",
  publisher =    pub-ECMA,
  address =      pub-ECMA:adr,
  edition =      "Third",
  month =        sep,
  year =         "1997",
  bibdate =      "Thu Feb 22 08:43:46 MST 2001",
  bibsource =    "http://www.ecma-international.org/publications/standards/Standard.htm",
  URL =          "http://www.ecma.ch/ecma1/STAND/ECMA-164.HTM",
  acknowledgement = ack-nhfb,
  ECMAnumber =   "ECMA-164",
}

@Book{ECMA-165,
  author =       "{ECMA}",
  title =        "{ECMA-165}: {Private Integrated Services Network}
                 ({PISN}) --- {Generic Functional Protocol} for the
                 Support of Supplementary Services --- Inter-Exchange
                 Signalling Procedures and Protocol ({QSIG-GF})",
  publisher =    pub-ECMA,
  address =      pub-ECMA:adr,
  edition =      "Third",
  month =        jun,
  year =         "1997",
  bibdate =      "Thu Feb 22 08:43:46 MST 2001",
  bibsource =    "http://www.ecma-international.org/publications/standards/Standard.htm",
  URL =          "http://www.ecma.ch/ecma1/STAND/ECMA-165.HTM",
  acknowledgement = ack-nhfb,
  ECMAnumber =   "ECMA-165",
}

@Book{ECMA-167,
  author =       "{ECMA}",
  title =        "{ECMA-167}: Volume and File Structure for Write-Once
                 and Rewritable Media using Non-Sequential Recording for
                 Information Interchange",
  publisher =    pub-ECMA,
  address =      pub-ECMA:adr,
  edition =      "Third",
  month =        jun,
  year =         "1997",
  bibdate =      "Thu Feb 22 08:43:46 MST 2001",
  bibsource =    "http://www.ecma-international.org/publications/standards/Standard.htm",
  URL =          "http://www.ecma.ch/ecma1/STAND/ECMA-167.HTM",
  acknowledgement = ack-nhfb,
  ECMAnumber =   "ECMA-167",
}

@Book{ECMA-168,
  author =       "{ECMA}",
  title =        "{ECMA-168}: Volume and File Structure of Read-Only and
                 Write-Once Compact Disk Media for Information
                 Interchange",
  publisher =    pub-ECMA,
  address =      pub-ECMA:adr,
  edition =      "Second",
  month =        dec,
  year =         "1994",
  bibdate =      "Thu Feb 22 08:43:46 MST 2001",
  bibsource =    "http://www.ecma-international.org/publications/standards/Standard.htm",
  URL =          "http://www.ecma.ch/ecma1/STAND/ECMA-168.HTM",
  acknowledgement = ack-nhfb,
  ECMAnumber =   "ECMA-168",
}

@Book{ECMA-169,
  author =       "{ECMA}",
  title =        "{ECMA-169}: 8\,mm Wide Magnetic Tape Cartridge Dual
                 Azimuth Format for Information Interchange --- Helical
                 Scan Recording",
  publisher =    pub-ECMA,
  address =      pub-ECMA:adr,
  month =        jun,
  year =         "1992",
  bibdate =      "Thu Feb 22 08:43:46 MST 2001",
  bibsource =    "http://www.ecma-international.org/publications/standards/Standard.htm",
  URL =          "http://www.ecma.ch/ecma1/STAND/ECMA-169.HTM",
  acknowledgement = ack-nhfb,
  ECMAnumber =   "ECMA-169",
}

@Book{ECMA-170,
  author =       "{ECMA}",
  title =        "{ECMA-170}: 3,81\,mm Wide Magnetic Tape Cartridge for
                 Information Interchange --- Helical Scan Recording ---
                 {DDS} Format Using 60\,m and 90\,m Length Tapes",
  publisher =    pub-ECMA,
  address =      pub-ECMA:adr,
  month =        jun,
  year =         "1992",
  bibdate =      "Thu Feb 22 08:43:46 MST 2001",
  bibsource =    "http://www.ecma-international.org/publications/standards/Standard.htm",
  URL =          "http://www.ecma.ch/ecma1/STAND/ECMA-170.HTM",
  acknowledgement = ack-nhfb,
  ECMAnumber =   "ECMA-170",
}

@Book{ECMA-171,
  author =       "{ECMA}",
  title =        "{ECMA-171}: 3,81\,mm Wide Magnetic Tape Cartridge for
                 Information Interchange --- Helical Scan Recording ---
                 {DATA\slash DAT-DC} Format Using 60\,m and 90\,m Length
                 Tapes",
  publisher =    pub-ECMA,
  address =      pub-ECMA:adr,
  month =        jun,
  year =         "1992",
  bibdate =      "Thu Feb 22 08:43:46 MST 2001",
  bibsource =    "http://www.ecma-international.org/publications/standards/Standard.htm",
  URL =          "http://www.ecma.ch/ecma1/STAND/ECMA-171.HTM",
  acknowledgement = ack-nhfb,
  ECMAnumber =   "ECMA-171",
}

@Book{ECMA-172,
  author =       "{ECMA}",
  title =        "{ECMA-172}: Procedure for Measurement of Emissions of
                 Electric and Magnetic Fields from {VDUs} from {5 Hz} to
                 {400 kHz}",
  publisher =    pub-ECMA,
  address =      pub-ECMA:adr,
  month =        jun,
  year =         "1992",
  bibdate =      "Thu Feb 22 08:43:46 MST 2001",
  bibsource =    "http://www.ecma-international.org/publications/standards/Standard.htm",
  URL =          "http://www.ecma.ch/ecma1/STAND/ECMA-172.HTM",
  acknowledgement = ack-nhfb,
  ECMAnumber =   "ECMA-172",
}

@Book{ECMA-173,
  author =       "{ECMA}",
  title =        "{ECMA-173}: {Private Integrated Services Network}
                 ({PISN}) --- Specification, Functional Model and
                 Information Flows --- {Call Diversion} Supplementary
                 Services ({CFSD})",
  publisher =    pub-ECMA,
  address =      pub-ECMA:adr,
  edition =      "Second",
  month =        jun,
  year =         "1997",
  bibdate =      "Thu Feb 22 08:43:46 MST 2001",
  bibsource =    "http://www.ecma-international.org/publications/standards/Standard.htm",
  URL =          "http://www.ecma.ch/ecma1/STAND/ECMA-173.HTM",
  acknowledgement = ack-nhfb,
  ECMAnumber =   "ECMA-173",
}

@Book{ECMA-174,
  author =       "{ECMA}",
  title =        "{ECMA-174}: {Private Integrated Services Network}
                 ({PISN}) --- {Inter-Exchange Signalling Protocol ---
                 Call Diversion} Supplementary Services ({QSIG-CF})",
  publisher =    pub-ECMA,
  address =      pub-ECMA:adr,
  edition =      "Second",
  month =        jun,
  year =         "1997",
  bibdate =      "Thu Feb 22 08:43:46 MST 2001",
  bibsource =    "http://www.ecma-international.org/publications/standards/Standard.htm",
  URL =          "http://www.ecma.ch/ecma1/STAND/ECMA-174.HTM",
  acknowledgement = ack-nhfb,
  ECMAnumber =   "ECMA-174",
}

@Book{ECMA-175,
  author =       "{ECMA}",
  title =        "{ECMA-175}: {Private Integrated Services Network}
                 ({PISN}) --- Specification, Functional Model and
                 Information Flows --- {Path Replacement} Additional
                 Network Feature ({ANF-PRSD})",
  publisher =    pub-ECMA,
  address =      pub-ECMA:adr,
  edition =      "Third",
  month =        dec,
  year =         "1998",
  bibdate =      "Thu Feb 22 08:43:46 MST 2001",
  bibsource =    "http://www.ecma-international.org/publications/standards/Standard.htm",
  URL =          "http://www.ecma.ch/ecma1/STAND/ECMA-175.HTM",
  acknowledgement = ack-nhfb,
  ECMAnumber =   "ECMA-175",
}

@Book{ECMA-176,
  author =       "{ECMA}",
  title =        "{ECMA-176}: {Private Integrated Services Network}
                 ({PISN}) --- {Inter-Exchange Signalling Protocol ---
                 Path Replacement} Additional Network Feature
                 ({QSIG-PR})",
  publisher =    pub-ECMA,
  address =      pub-ECMA:adr,
  edition =      "Third",
  month =        dec,
  year =         "1998",
  bibdate =      "Thu Feb 22 08:43:46 MST 2001",
  bibsource =    "http://www.ecma-international.org/publications/standards/Standard.htm",
  URL =          "http://www.ecma.ch/ecma1/STAND/ECMA-176.HTM",
  acknowledgement = ack-nhfb,
  ECMAnumber =   "ECMA-176",
}

@Book{ECMA-177,
  author =       "{ECMA}",
  title =        "{ECMA-177}: {Private Integrated Services Network}
                 ({PISN}) --- Specification, Functional Model and
                 Information Flows --- {Call Transfer} Supplementary
                 Service ({CTSD})",
  publisher =    pub-ECMA,
  address =      pub-ECMA:adr,
  edition =      "Second",
  month =        sep,
  year =         "1997",
  bibdate =      "Thu Feb 22 08:43:46 MST 2001",
  bibsource =    "http://www.ecma-international.org/publications/standards/Standard.htm",
  URL =          "http://www.ecma.ch/ecma1/STAND/ECMA-177.HTM",
  acknowledgement = ack-nhfb,
  ECMAnumber =   "ECMA-177",
}

@Book{ECMA-178,
  author =       "{ECMA}",
  title =        "{ECMA-178}: {Private Integrated Services Network}
                 ({PISN}) --- {Inter-Exchange Signalling Protocol} ---
                 {Call Transfer} Supplementary Service ({QSIG-CT})",
  publisher =    pub-ECMA,
  address =      pub-ECMA:adr,
  edition =      "Second",
  month =        sep,
  year =         "1997",
  bibdate =      "Thu Feb 22 08:43:46 MST 2001",
  bibsource =    "http://www.ecma-international.org/publications/standards/Standard.htm",
  URL =          "http://www.ecma.ch/ecma1/STAND/ECMA-178.HTM",
  acknowledgement = ack-nhfb,
  ECMAnumber =   "ECMA-178",
}

@Book{ECMA-179,
  author =       "{ECMA}",
  title =        "{ECMA-179}: Services for {Computer Supported
                 Telecommunications Applications} ({CSTA}) {Phase I}",
  publisher =    pub-ECMA,
  address =      pub-ECMA:adr,
  month =        jun,
  year =         "1992",
  bibdate =      "Thu Feb 22 08:43:46 MST 2001",
  bibsource =    "http://www.ecma-international.org/publications/standards/Standard.htm",
  URL =          "http://www.ecma.ch/ecma1/STAND/ECMA-179.HTM",
  acknowledgement = ack-nhfb,
  ECMAnumber =   "ECMA-179",
}

@Book{ECMA-180,
  author =       "{ECMA}",
  title =        "{ECMA-180}: Protocol for {Computer Supported
                 Telecommunications Applications} ({CSTA}) {Phase I}",
  publisher =    pub-ECMA,
  address =      pub-ECMA:adr,
  month =        jun,
  year =         "1992",
  bibdate =      "Thu Feb 22 08:43:46 MST 2001",
  bibsource =    "http://www.ecma-international.org/publications/standards/Standard.htm",
  URL =          "http://www.ecma.ch/ecma1/STAND/ECMA-180.HTM",
  acknowledgement = ack-nhfb,
  ECMAnumber =   "ECMA-180",
}

@Book{ECMA-182,
  author =       "{ECMA}",
  title =        "{ECMA-182}: Data Interchange on 12,7\,mm 48-Track
                 Magnetic Tape Cartridges --- {DLT1} Format",
  publisher =    pub-ECMA,
  address =      pub-ECMA:adr,
  month =        dec,
  year =         "1992",
  bibdate =      "Thu Feb 22 08:43:46 MST 2001",
  bibsource =    "http://www.ecma-international.org/publications/standards/Standard.htm",
  URL =          "http://www.ecma.ch/ecma1/STAND/ECMA-182.HTM",
  acknowledgement = ack-nhfb,
  ECMAnumber =   "ECMA-182",
}

@Book{ECMA-183,
  author =       "{ECMA}",
  title =        "{ECMA-183}: Data Interchange on 130\,mm Optical Disk
                 Cartridges --- Capacity: 1\,Gigabyte per Cartridge",
  publisher =    pub-ECMA,
  address =      pub-ECMA:adr,
  month =        dec,
  year =         "1992",
  bibdate =      "Thu Feb 22 08:43:46 MST 2001",
  bibsource =    "http://www.ecma-international.org/publications/standards/Standard.htm",
  URL =          "http://www.ecma.ch/ecma1/STAND/ECMA-183.HTM",
  acknowledgement = ack-nhfb,
  ECMAnumber =   "ECMA-183",
}

@Book{ECMA-184,
  author =       "{ECMA}",
  title =        "{ECMA-184}: Data Interchange on 130\,mm Optical Disk
                 Cartridges --- Capacity: 1,3 Gigabytes per Cartridge",
  publisher =    pub-ECMA,
  address =      pub-ECMA:adr,
  month =        dec,
  year =         "1992",
  bibdate =      "Thu Feb 22 08:43:46 MST 2001",
  bibsource =    "http://www.ecma-international.org/publications/standards/Standard.htm",
  URL =          "http://www.ecma.ch/ecma1/STAND/ECMA-184.HTM",
  acknowledgement = ack-nhfb,
  ECMAnumber =   "ECMA-184",
}

@Book{ECMA-185,
  author =       "{ECMA}",
  title =        "{ECMA-185}: {Private Integrated Services Network}
                 ({PISN}) --- Specification, Functional Model and
                 Information Flows --- {Call Completion} Supplementary
                 Services ({CCSD})",
  publisher =    pub-ECMA,
  address =      pub-ECMA:adr,
  edition =      "Second",
  month =        jun,
  year =         "1997",
  bibdate =      "Thu Feb 22 08:43:46 MST 2001",
  bibsource =    "http://www.ecma-international.org/publications/standards/Standard.htm",
  URL =          "http://www.ecma.ch/ecma1/STAND/ECMA-185.HTM",
  acknowledgement = ack-nhfb,
  ECMAnumber =   "ECMA-185",
}

@Book{ECMA-186,
  author =       "{ECMA}",
  title =        "{ECMA-186}: {Private Integrated Services Network}
                 ({PISN}) --- {Inter-Exchange Signalling Protocol ---
                 Call Completion} Supplementary Services ({QSIG-CC})",
  publisher =    pub-ECMA,
  address =      pub-ECMA:adr,
  edition =      "Third",
  month =        feb,
  year =         "2000",
  bibdate =      "Thu Feb 22 08:43:46 MST 2001",
  bibsource =    "http://www.ecma-international.org/publications/standards/Standard.htm",
  URL =          "http://www.ecma.ch/ecma1/STAND/ECMA-186.HTM",
  acknowledgement = ack-nhfb,
  ECMAnumber =   "ECMA-186",
}

@Book{ECMA-189,
  author =       "{ECMA}",
  title =        "{ECMA-189}: Information Interchange on 300\,mm Optical
                 Disk Cartridges of the {Write Once, Read Multiple}
                 ({WORM}) Type using the {SSF} Method",
  publisher =    pub-ECMA,
  address =      pub-ECMA:adr,
  month =        jun,
  year =         "1993",
  bibdate =      "Thu Feb 22 08:43:46 MST 2001",
  bibsource =    "http://www.ecma-international.org/publications/standards/Standard.htm",
  URL =          "http://www.ecma.ch/ecma1/STAND/ECMA-189.HTM",
  acknowledgement = ack-nhfb,
  ECMAnumber =   "ECMA-189",
}

@Book{ECMA-190,
  author =       "{ECMA}",
  title =        "{ECMA-190}: Information Interchange on 300\,mm Optical
                 Disk Cartridges of the {Write Once, Read Multiple}
                 ({WORM}) Type using the {CCS} Method",
  publisher =    pub-ECMA,
  address =      pub-ECMA:adr,
  month =        jun,
  year =         "1993",
  bibdate =      "Thu Feb 22 08:43:46 MST 2001",
  bibsource =    "http://www.ecma-international.org/publications/standards/Standard.htm",
  URL =          "http://www.ecma.ch/ecma1/STAND/ECMA-190.HTM",
  acknowledgement = ack-nhfb,
  ECMAnumber =   "ECMA-190",
}

@Book{ECMA-191,
  author =       "{ECMA}",
  title =        "{ECMA-191}: {Private Integrated Services Network}
                 ({PISN}) --- Specification, Functional Model and
                 Information Flows --- {Call Offer} Supplementary
                 Service ({COSD})",
  publisher =    pub-ECMA,
  address =      pub-ECMA:adr,
  edition =      "Second",
  month =        jun,
  year =         "1997",
  bibdate =      "Thu Feb 22 08:43:46 MST 2001",
  bibsource =    "http://www.ecma-international.org/publications/standards/Standard.htm",
  URL =          "http://www.ecma.ch/ecma1/STAND/ECMA-191.HTM",
  acknowledgement = ack-nhfb,
  ECMAnumber =   "ECMA-191",
}

@Book{ECMA-192,
  author =       "{ECMA}",
  title =        "{ECMA-192}: {Private Integrated Services Network}
                 ({PISN}) --- {Inter-Exchange Signalling Protocol} ---
                 {Call Offer} Supplementary Service ({QSIG-CO})",
  publisher =    pub-ECMA,
  address =      pub-ECMA:adr,
  edition =      "Third",
  month =        jun,
  year =         "1997",
  bibdate =      "Thu Feb 22 08:43:46 MST 2001",
  bibsource =    "http://www.ecma-international.org/publications/standards/Standard.htm",
  URL =          "http://www.ecma.ch/ecma1/STAND/ECMA-192.HTM",
  acknowledgement = ack-nhfb,
  ECMAnumber =   "ECMA-192",
}

@Book{ECMA-193,
  author =       "{ECMA}",
  title =        "{ECMA-193}: {Private Integrated Services Network}
                 ({PISN}) --- Specification, Functional Model and
                 Information Flows --- {Do Not Disturb and Do Not
                 Disturb Override} Supplementary Services ({DND(O)SD})",
  publisher =    pub-ECMA,
  address =      pub-ECMA:adr,
  edition =      "Second",
  month =        jun,
  year =         "1997",
  bibdate =      "Thu Feb 22 08:43:46 MST 2001",
  bibsource =    "http://www.ecma-international.org/publications/standards/Standard.htm",
  URL =          "http://www.ecma.ch/ecma1/STAND/ECMA-193.HTM",
  acknowledgement = ack-nhfb,
  ECMAnumber =   "ECMA-193",
}

@Book{ECMA-194,
  author =       "{ECMA}",
  title =        "{ECMA-194}: {Private Integrated Services Network}
                 ({PISN}) --- {Inter-Exchange Signalling Protocol --- Do
                 Not Disturb and Do Not Disturb Override} Supplementary
                 Services ({QSIG-DND(O)})",
  publisher =    pub-ECMA,
  address =      pub-ECMA:adr,
  edition =      "Third",
  month =        jun,
  year =         "1997",
  bibdate =      "Thu Feb 22 08:43:46 MST 2001",
  bibsource =    "http://www.ecma-international.org/publications/standards/Standard.htm",
  URL =          "http://www.ecma.ch/ecma1/STAND/ECMA-194.HTM",
  acknowledgement = ack-nhfb,
  ECMAnumber =   "ECMA-194",
}

@Book{ECMA-195,
  author =       "{ECMA}",
  title =        "{ECMA-195}: Data Interchange on 130\,mm Optical Disk
                 Cartridges --- Capacity: 2\,Gigabytes per Cartridge",
  publisher =    pub-ECMA,
  address =      pub-ECMA:adr,
  edition =      "Second",
  month =        jun,
  year =         "1995",
  bibdate =      "Thu Feb 22 08:43:46 MST 2001",
  bibsource =    "http://www.ecma-international.org/publications/standards/Standard.htm",
  URL =          "http://www.ecma.ch/ecma1/STAND/ECMA-195.HTM",
  acknowledgement = ack-nhfb,
  ECMAnumber =   "ECMA-195",
}

@Book{ECMA-196,
  author =       "{ECMA}",
  title =        "{ECMA-196}: Data Interchange on 12,7\,mm 36-Track
                 Magnetic Tape Cartridges",
  publisher =    pub-ECMA,
  address =      pub-ECMA:adr,
  month =        dec,
  year =         "1993",
  bibdate =      "Thu Feb 22 08:43:46 MST 2001",
  bibsource =    "http://www.ecma-international.org/publications/standards/Standard.htm",
  URL =          "http://www.ecma.ch/ecma1/STAND/ECMA-196.HTM",
  acknowledgement = ack-nhfb,
  ECMAnumber =   "ECMA-196",
}

@Book{ECMA-197,
  author =       "{ECMA}",
  title =        "{ECMA-197}: Data Interchange on 12,7\,mm 112-Track
                 Magnetic Tape Cartridges --- {DLT2} Format",
  publisher =    pub-ECMA,
  address =      pub-ECMA:adr,
  month =        dec,
  year =         "1993",
  bibdate =      "Thu Feb 22 08:43:46 MST 2001",
  bibsource =    "http://www.ecma-international.org/publications/standards/Standard.htm",
  URL =          "http://www.ecma.ch/ecma1/STAND/ECMA-197.HTM",
  acknowledgement = ack-nhfb,
  ECMAnumber =   "ECMA-197",
}

@Book{ECMA-198,
  author =       "{ECMA}",
  title =        "{ECMA-198}: 3,81\,mm Wide Magnetic Tape Cartridge for
                 Information Interchange --- Helical Scan Recording ---
                 {DDS-2} Format using 120\,m Length Tapes",
  publisher =    pub-ECMA,
  address =      pub-ECMA:adr,
  edition =      "Second",
  month =        jun,
  year =         "1995",
  bibdate =      "Thu Feb 22 08:43:46 MST 2001",
  bibsource =    "http://www.ecma-international.org/publications/standards/Standard.htm",
  URL =          "http://www.ecma.ch/ecma1/STAND/ECMA-198.HTM",
  acknowledgement = ack-nhfb,
  ECMAnumber =   "ECMA-198",
}

@Book{ECMA-199,
  author =       "{ECMA}",
  title =        "{ECMA-199}: Immunity of {VDUs} to Power Frequency
                 Magnetic Fields",
  publisher =    pub-ECMA,
  address =      pub-ECMA:adr,
  month =        dec,
  year =         "1993",
  bibdate =      "Thu Feb 22 08:43:46 MST 2001",
  bibsource =    "http://www.ecma-international.org/publications/standards/Standard.htm",
  URL =          "http://www.ecma.ch/ecma1/STAND/ECMA-199.HTM",
  acknowledgement = ack-nhfb,
  ECMAnumber =   "ECMA-199",
}

@Book{ECMA-200,
  author =       "{ECMA}",
  title =        "{ECMA-200}: Immunity of Information Technology
                 Equipment to Lightning Surges",
  publisher =    pub-ECMA,
  address =      pub-ECMA:adr,
  month =        dec,
  year =         "1993",
  bibdate =      "Thu Feb 22 08:43:46 MST 2001",
  bibsource =    "http://www.ecma-international.org/publications/standards/Standard.htm",
  URL =          "http://www.ecma.ch/ecma1/STAND/ECMA-200.HTM",
  acknowledgement = ack-nhfb,
  ECMAnumber =   "ECMA-200",
}

@Book{ECMA-201,
  author =       "{ECMA}",
  title =        "{ECMA-201}: Data Interchange on 90\,mm Optical Disk
                 Cartridges --- Capacity: {230 Megabytes} per
                 Cartridge",
  publisher =    pub-ECMA,
  address =      pub-ECMA:adr,
  edition =      "Second",
  month =        dec,
  year =         "1994",
  bibdate =      "Thu Feb 22 08:43:46 MST 2001",
  bibsource =    "http://www.ecma-international.org/publications/standards/Standard.htm",
  URL =          "http://www.ecma.ch/ecma1/STAND/ECMA-201.HTM",
  acknowledgement = ack-nhfb,
  ECMAnumber =   "ECMA-201",
}

@Book{ECMA-202,
  author =       "{ECMA}",
  title =        "{ECMA-202}: {Private Integrated Services Network}
                 ({PISN}) --- Specification, Functional Model and
                 Information Flows --- {Call Intrusion} Supplementary
                 Service ({CISD})",
  publisher =    pub-ECMA,
  address =      pub-ECMA:adr,
  edition =      "Second",
  month =        jun,
  year =         "1997",
  bibdate =      "Thu Feb 22 08:43:46 MST 2001",
  bibsource =    "http://www.ecma-international.org/publications/standards/Standard.htm",
  URL =          "http://www.ecma.ch/ecma1/STAND/ECMA-202.HTM",
  acknowledgement = ack-nhfb,
  ECMAnumber =   "ECMA-202",
}

@Book{ECMA-203,
  author =       "{ECMA}",
  title =        "{ECMA-203}: {Private Integrated Services Network}
                 ({PISN}) --- {Inter-Exchange Signalling Protocol ---
                 {Call Intrusion} Supplementary Service} ({QSIG-CI})",
  publisher =    pub-ECMA,
  address =      pub-ECMA:adr,
  edition =      "Third",
  month =        jun,
  year =         "1997",
  bibdate =      "Thu Feb 22 08:43:46 MST 2001",
  bibsource =    "http://www.ecma-international.org/publications/standards/Standard.htm",
  URL =          "http://www.ecma.ch/ecma1/STAND/ECMA-203.HTM",
  acknowledgement = ack-nhfb,
  ECMAnumber =   "ECMA-203",
}

@Book{ECMA-205,
  author =       "{ECMA}",
  title =        "{ECMA-205}: {Commercially Oriented Functionality Class
                 for Security Evaluation} ({COFC})",
  publisher =    pub-ECMA,
  address =      pub-ECMA:adr,
  month =        dec,
  year =         "1993",
  bibdate =      "Thu Feb 22 08:43:46 MST 2001",
  bibsource =    "http://www.ecma-international.org/publications/standards/Standard.htm",
  URL =          "http://www.ecma.ch/ecma1/STAND/ECMA-205.HTM",
  acknowledgement = ack-nhfb,
  ECMAnumber =   "ECMA-205",
}

@Book{ECMA-206,
  author =       "{ECMA}",
  title =        "{ECMA-206}: Association Context Management including
                 Security Context Management",
  publisher =    pub-ECMA,
  address =      pub-ECMA:adr,
  month =        dec,
  year =         "1993",
  bibdate =      "Thu Feb 22 08:43:46 MST 2001",
  bibsource =    "http://www.ecma-international.org/publications/standards/Standard.htm",
  URL =          "http://www.ecma.ch/ecma1/STAND/ECMA-206.HTM",
  acknowledgement = ack-nhfb,
  ECMAnumber =   "ECMA-206",
}

@Book{ECMA-207,
  author =       "{ECMA}",
  title =        "{ECMA-207}: Data Interchange on 90\,mm Flexible Disk
                 Cartridges --- 326 Data Tracks on each Side ---
                 Capacity: {21 Mbytes} --- {ISO} Type 305",
  publisher =    pub-ECMA,
  address =      pub-ECMA:adr,
  month =        jun,
  year =         "1994",
  bibdate =      "Thu Feb 22 08:43:46 MST 2001",
  bibsource =    "http://www.ecma-international.org/publications/standards/Standard.htm",
  URL =          "http://www.ecma.ch/ecma1/STAND/ECMA-207.HTM",
  acknowledgement = ack-nhfb,
  ECMAnumber =   "ECMA-207",
}

@Book{ECMA-208,
  author =       "{ECMA}",
  title =        "{ECMA-208}: {System-Independent Data Format ---
                 SIDF}",
  publisher =    pub-ECMA,
  address =      pub-ECMA:adr,
  month =        dec,
  year =         "1994",
  bibdate =      "Thu Feb 22 08:43:46 MST 2001",
  bibsource =    "http://www.ecma-international.org/publications/standards/Standard.htm",
  URL =          "http://www.ecma.ch/ecma1/STAND/ECMA-208.HTM",
  acknowledgement = ack-nhfb,
  ECMAnumber =   "ECMA-208",
}

@Book{ECMA-209,
  author =       "{ECMA}",
  title =        "{ECMA-209}: Data Interchange on 12,7\,mm 128-Track
                 Magnetic Tape Cartridges --- {DLT3} Format",
  publisher =    pub-ECMA,
  address =      pub-ECMA:adr,
  month =        dec,
  year =         "1994",
  bibdate =      "Thu Feb 22 08:43:46 MST 2001",
  bibsource =    "http://www.ecma-international.org/publications/standards/Standard.htm",
  URL =          "http://www.ecma.ch/ecma1/STAND/ECMA-209.HTM",
  acknowledgement = ack-nhfb,
  ECMAnumber =   "ECMA-209",
}

@Book{ECMA-210,
  author =       "{ECMA}",
  title =        "{ECMA-210}: 12,65\,mm Wide Magnetic Tape Cartridge for
                 Information Interchange --- Helical Scan Recording ---
                 {DATA-D3-1} Format",
  publisher =    pub-ECMA,
  address =      pub-ECMA:adr,
  edition =      "Second",
  month =        dec,
  year =         "1995",
  bibdate =      "Thu Feb 22 08:43:46 MST 2001",
  bibsource =    "http://www.ecma-international.org/publications/standards/Standard.htm",
  URL =          "http://www.ecma.ch/ecma1/STAND/ECMA-210.HTM",
  acknowledgement = ack-nhfb,
  ECMAnumber =   "ECMA-210",
}

@Book{ECMA-211,
  author =       "{ECMA}",
  title =        "{ECMA-211}: {Private Integrated Services Network}
                 ({PISN}) --- Specification, Functional Model and
                 Information Flows --- {Advice of Charge} Supplementary
                 Services ({AOCSD})",
  publisher =    pub-ECMA,
  address =      pub-ECMA:adr,
  edition =      "Second",
  month =        jun,
  year =         "1997",
  bibdate =      "Thu Feb 22 08:43:46 MST 2001",
  bibsource =    "http://www.ecma-international.org/publications/standards/Standard.htm",
  URL =          "http://www.ecma.ch/ecma1/STAND/ECMA-211.HTM",
  acknowledgement = ack-nhfb,
  ECMAnumber =   "ECMA-211",
}

@Book{ECMA-212,
  author =       "{ECMA}",
  title =        "{ECMA-212}: {Private Integrated Services Network}
                 ({PISN}) --- {Inter-Exchange Signalling Protocol ---
                 Advice of Charge} Supplementary Services ({QSIG-AOC})",
  publisher =    pub-ECMA,
  address =      pub-ECMA:adr,
  edition =      "Second",
  month =        jun,
  year =         "1997",
  bibdate =      "Thu Feb 22 08:43:46 MST 2001",
  bibsource =    "http://www.ecma-international.org/publications/standards/Standard.htm",
  URL =          "http://www.ecma.ch/ecma1/STAND/ECMA-212.HTM",
  acknowledgement = ack-nhfb,
  ECMAnumber =   "ECMA-212",
}

@Book{ECMA-213,
  author =       "{ECMA}",
  title =        "{ECMA-213}: {Private Integrated Services Network}
                 ({PISN}) --- Specification, Functional Model and
                 Information Flows --- {Recall} Supplementary Service
                 ({RESD})",
  publisher =    pub-ECMA,
  address =      pub-ECMA:adr,
  edition =      "Second",
  month =        jun,
  year =         "1997",
  bibdate =      "Thu Feb 22 08:43:46 MST 2001",
  bibsource =    "http://www.ecma-international.org/publications/standards/Standard.htm",
  URL =          "http://www.ecma.ch/ecma1/STAND/ECMA-213.HTM",
  acknowledgement = ack-nhfb,
  ECMAnumber =   "ECMA-213",
}

@Book{ECMA-214,
  author =       "{ECMA}",
  title =        "{ECMA-214}: {Private Integrated Services Network}
                 ({PISN}) --- {Inter-Exchange Signalling Protocol} ---
                 {Recall} Supplementary Service ({QSIG-RE})",
  publisher =    pub-ECMA,
  address =      pub-ECMA:adr,
  edition =      "Second",
  month =        jun,
  year =         "1997",
  bibdate =      "Thu Feb 22 08:43:46 MST 2001",
  bibsource =    "http://www.ecma-international.org/publications/standards/Standard.htm",
  URL =          "http://www.ecma.ch/ecma1/STAND/ECMA-214.HTM",
  acknowledgement = ack-nhfb,
  ECMAnumber =   "ECMA-214",
}

@Book{ECMA-215,
  author =       "{ECMA}",
  title =        "{ECMA-215}: {Private Integrated Services Network}
                 ({PISN}) --- {Cordless Terminal Mobility} ({CTM}) ---
                 {Inter-Exchange Signalling Protocol --- Cordless
                 Terminal Incoming Call} Additional Network Feature
                 ({QSIG-CTMI})",
  publisher =    pub-ECMA,
  address =      pub-ECMA:adr,
  edition =      "Second",
  month =        sep,
  year =         "1997",
  bibdate =      "Thu Feb 22 08:43:46 MST 2001",
  bibsource =    "http://www.ecma-international.org/publications/standards/Standard.htm",
  URL =          "http://www.ecma.ch/ecma1/STAND/ECMA-215.HTM",
  acknowledgement = ack-nhfb,
  ECMAnumber =   "ECMA-215",
}

@Book{ECMA-216,
  author =       "{ECMA}",
  title =        "{ECMA-216}: {Private Integrated Services Network}
                 ({PISN}) --- {Cordless Terminal Mobility} ({CTM}) ---
                 {Inter-Exchange Signalling Protocol --- Cordless
                 Terminal Location Registration} Supplementary Service
                 ({QSIG-CTLR})",
  publisher =    pub-ECMA,
  address =      pub-ECMA:adr,
  edition =      "Second",
  month =        sep,
  year =         "1997",
  bibdate =      "Thu Feb 22 08:43:46 MST 2001",
  bibsource =    "http://www.ecma-international.org/publications/standards/Standard.htm",
  URL =          "http://www.ecma.ch/ecma1/STAND/ECMA-216.HTM",
  acknowledgement = ack-nhfb,
  ECMAnumber =   "ECMA-216",
}

@Book{ECMA-217,
  author =       "{ECMA}",
  title =        "{ECMA-217}: Services for {{Computer Supported
                 Telecommunications Applications}} ({CSTA}) {Phase II}",
  publisher =    pub-ECMA,
  address =      pub-ECMA:adr,
  month =        dec,
  year =         "1994",
  bibdate =      "Thu Feb 22 08:43:46 MST 2001",
  bibsource =    "http://www.ecma-international.org/publications/standards/Standard.htm",
  URL =          "http://www.ecma.ch/ecma1/STAND/ECMA-217.HTM",
  acknowledgement = ack-nhfb,
  ECMAnumber =   "ECMA-217",
}

@Book{ECMA-218,
  author =       "{ECMA}",
  title =        "{ECMA-218}: Protocol for {{Computer Supported
                 Telecommunications Applications}} ({CSTA}) {Phase II}",
  publisher =    pub-ECMA,
  address =      pub-ECMA:adr,
  month =        dec,
  year =         "1994",
  bibdate =      "Thu Feb 22 08:43:46 MST 2001",
  bibsource =    "http://www.ecma-international.org/publications/standards/Standard.htm",
  URL =          "http://www.ecma.ch/ecma1/STAND/ECMA-218.HTM",
  acknowledgement = ack-nhfb,
  ECMAnumber =   "ECMA-218",
}

@Book{ECMA-219,
  author =       "{ECMA}",
  title =        "{ECMA-219}: Authentication and Privilege Attribute
                 Security Application with Related Key Distribution
                 Functions --- Part 1, 2 and 3",
  publisher =    pub-ECMA,
  address =      pub-ECMA:adr,
  edition =      "Second",
  month =        mar,
  year =         "1996",
  bibdate =      "Thu Feb 22 08:43:46 MST 2001",
  bibsource =    "http://www.ecma-international.org/publications/standards/Standard.htm",
  URL =          "http://www.ecma.ch/ecma1/STAND/ECMA-219.HTM",
  acknowledgement = ack-nhfb,
  ECMAnumber =   "ECMA-219",
}

@Book{ECMA-220,
  author =       "{ECMA}",
  title =        "{ECMA-220}: {Private Integrated Services Network}
                 ({PISN}) --- Specification, Functional Model and
                 Information Flows --- {Call Interception} Additional
                 Network Feature ({ANF-CINTSD})",
  publisher =    pub-ECMA,
  address =      pub-ECMA:adr,
  edition =      "Second",
  month =        jun,
  year =         "1997",
  bibdate =      "Thu Feb 22 08:43:46 MST 2001",
  bibsource =    "http://www.ecma-international.org/publications/standards/Standard.htm",
  URL =          "http://www.ecma.ch/ecma1/STAND/ECMA-220.HTM",
  acknowledgement = ack-nhfb,
  ECMAnumber =   "ECMA-220",
}

@Book{ECMA-221,
  author =       "{ECMA}",
  title =        "{ECMA-221}: {Private Integrated Services Network}
                 ({PISN}) --- {Inter-Exchange Signalling Protocol ---
                 Call Interception} Additional Network Feature
                 ({QSIG-CINT})",
  publisher =    pub-ECMA,
  address =      pub-ECMA:adr,
  edition =      "Second",
  month =        jun,
  year =         "1997",
  bibdate =      "Thu Feb 22 08:43:46 MST 2001",
  bibsource =    "http://www.ecma-international.org/publications/standards/Standard.htm",
  URL =          "http://www.ecma.ch/ecma1/STAND/ECMA-221.HTM",
  acknowledgement = ack-nhfb,
  ECMAnumber =   "ECMA-221",
}

@Book{ECMA-222,
  author =       "{ECMA}",
  title =        "{ECMA-222}: Adaptive Lossless Data Compression
                 Algorithm",
  publisher =    pub-ECMA,
  address =      pub-ECMA:adr,
  month =        jun,
  year =         "1995",
  bibdate =      "Thu Feb 22 08:43:46 MST 2001",
  bibsource =    "http://www.ecma-international.org/publications/standards/Standard.htm",
  URL =          "http://www.ecma.ch/ecma1/STAND/ECMA-222.HTM",
  acknowledgement = ack-nhfb,
  ECMAnumber =   "ECMA-222",
}

@Book{ECMA-223,
  author =       "{ECMA}",
  title =        "{ECMA-223}: Data Interchange on 90\,mm Optical Disk
                 Cartridges --- Capacity: {385 Megabytes} per
                 Cartridge",
  publisher =    pub-ECMA,
  address =      pub-ECMA:adr,
  month =        jun,
  year =         "1995",
  bibdate =      "Thu Feb 22 08:43:46 MST 2001",
  bibsource =    "http://www.ecma-international.org/publications/standards/Standard.htm",
  URL =          "http://www.ecma.ch/ecma1/STAND/ECMA-223.HTM",
  acknowledgement = ack-nhfb,
  ECMAnumber =   "ECMA-223",
}

@Book{ECMA-224,
  author =       "{ECMA}",
  title =        "{ECMA-224}: {Private Integrated Services Network}
                 ({PISN}) --- Specification, Functional Model and
                 Information Flows --- {Transit Counter} Additional
                 Network Feature ({ANF-TCSD})",
  publisher =    pub-ECMA,
  address =      pub-ECMA:adr,
  edition =      "Second",
  month =        jun,
  year =         "1997",
  bibdate =      "Thu Feb 22 08:43:46 MST 2001",
  bibsource =    "http://www.ecma-international.org/publications/standards/Standard.htm",
  URL =          "http://www.ecma.ch/ecma1/STAND/ECMA-224.HTM",
  acknowledgement = ack-nhfb,
  ECMAnumber =   "ECMA-224",
}

@Book{ECMA-225,
  author =       "{ECMA}",
  title =        "{ECMA-225}: {Private Integrated Services Network}
                 ({PISN}) --- {Inter-Exchange Signalling Protocol ---
                 Transit Counter} Additional Network Feature
                 ({QSIG-TC})",
  publisher =    pub-ECMA,
  address =      pub-ECMA:adr,
  edition =      "Second",
  month =        jun,
  year =         "1997",
  bibdate =      "Thu Feb 22 08:43:46 MST 2001",
  bibsource =    "http://www.ecma-international.org/publications/standards/Standard.htm",
  URL =          "http://www.ecma.ch/ecma1/STAND/ECMA-225.HTM",
  acknowledgement = ack-nhfb,
  ECMAnumber =   "ECMA-225",
}

@Book{ECMA-226,
  author =       "{ECMA}",
  title =        "{ECMA-226}: {Private Integrated Services Network}
                 ({PISN}) --- Mapping Functions for the Employment of
                 Dedicated Circuit Mode Connections as Inter-{PTNX}
                 Connections ({MAPPING-CM-STATIC})",
  publisher =    pub-ECMA,
  address =      pub-ECMA:adr,
  month =        jun,
  year =         "1995",
  bibdate =      "Thu Feb 22 08:43:46 MST 2001",
  bibsource =    "http://www.ecma-international.org/publications/standards/Standard.htm",
  URL =          "http://www.ecma.ch/ecma1/STAND/ECMA-226.HTM",
  acknowledgement = ack-nhfb,
  ECMAnumber =   "ECMA-226",
}

@Book{ECMA-230,
  author =       "{ECMA}",
  title =        "{ECMA-230}: {Portable Common Tool Environment}
                 ({PCTE}) --- {IDL} Binding ({Interface Definition
                 Language})",
  publisher =    pub-ECMA,
  address =      pub-ECMA:adr,
  edition =      "Second",
  month =        dec,
  year =         "1997",
  bibdate =      "Thu Feb 22 08:43:46 MST 2001",
  bibsource =    "http://www.ecma-international.org/publications/standards/Standard.htm",
  URL =          "http://www.ecma.ch/ecma1/STAND/ECMA-230.HTM",
  acknowledgement = ack-nhfb,
  ECMAnumber =   "ECMA-230",
}

@Book{ECMA-231,
  author =       "{ECMA}",
  title =        "{ECMA-231}: Data Interchange on 12,7\,mm 128-Track
                 Magnetic Tape Cartridges --- {DLT} 4 Format",
  publisher =    pub-ECMA,
  address =      pub-ECMA:adr,
  month =        dec,
  year =         "1995",
  bibdate =      "Thu Feb 22 08:43:46 MST 2001",
  bibsource =    "http://www.ecma-international.org/publications/standards/Standard.htm",
  URL =          "http://www.ecma.ch/ecma1/STAND/ECMA-231.HTM",
  acknowledgement = ack-nhfb,
  ECMAnumber =   "ECMA-231",
}

@Book{ECMA-232,
  author =       "{ECMA}",
  title =        "{ECMA-232}: {Private Integrated Services Network}
                 ({PISN}) --- Profile Standard for the Connection of
                 {Radio Paging Equipment} ({RPE}) to a {PISN}",
  publisher =    pub-ECMA,
  address =      pub-ECMA:adr,
  month =        dec,
  year =         "1995",
  bibdate =      "Thu Feb 22 08:43:46 MST 2001",
  bibsource =    "http://www.ecma-international.org/publications/standards/Standard.htm",
  URL =          "http://www.ecma.ch/ecma1/STAND/ECMA-232.HTM",
  acknowledgement = ack-nhfb,
  ECMAnumber =   "ECMA-232",
}

@Book{ECMA-233,
  author =       "{ECMA}",
  title =        "{ECMA-233}: {Private Integrated Services Network}
                 ({PISN}) --- {Cordless Terminal Mobility} ({CTM}) ---
                 {Inter-Exchange Signalling Protocol --- Cordless
                 Terminal Outgoing Call} Additional Network Feature
                 ({QSIG-CTMO})",
  publisher =    pub-ECMA,
  address =      pub-ECMA:adr,
  edition =      "Second",
  month =        sep,
  year =         "1997",
  bibdate =      "Thu Feb 22 08:43:46 MST 2001",
  bibsource =    "http://www.ecma-international.org/publications/standards/Standard.htm",
  URL =          "http://www.ecma.ch/ecma1/STAND/ECMA-233.HTM",
  acknowledgement = ack-nhfb,
  ECMAnumber =   "ECMA-233",
}

@Book{ECMA-234,
  author =       "{ECMA}",
  title =        "{ECMA-234}: {Application Programming Interface for
                 Windows} ({APIW})",
  publisher =    pub-ECMA,
  address =      pub-ECMA:adr,
  month =        dec,
  year =         "1995",
  bibdate =      "Thu Feb 22 08:43:46 MST 2001",
  bibsource =    "http://www.ecma-international.org/publications/standards/Standard.htm",
  URL =          "http://www.ecma.ch/ecma1/STAND/ECMA-234.HTM",
  acknowledgement = ack-nhfb,
  ECMAnumber =   "ECMA-234",
}

@Book{ECMA-235,
  author =       "{ECMA}",
  title =        "{ECMA-235}: The {ECMA GSS-API} Mechanism",
  publisher =    pub-ECMA,
  address =      pub-ECMA:adr,
  month =        mar,
  year =         "1996",
  bibdate =      "Thu Feb 22 08:43:46 MST 2001",
  bibsource =    "http://www.ecma-international.org/publications/standards/Standard.htm",
  URL =          "http://www.ecma.ch/ecma1/STAND/ECMA-235.HTM",
  acknowledgement = ack-nhfb,
  ECMAnumber =   "ECMA-235",
}

@Book{ECMA-236,
  author =       "{ECMA}",
  title =        "{ECMA-236}: 3,81\,mm Wide Magnetic Tape Cartridge for
                 Information Interchange --- Helical Scan Recording ---
                 {DDS-3} Format using 125\,m Length Tapes",
  publisher =    pub-ECMA,
  address =      pub-ECMA:adr,
  month =        jun,
  year =         "1996",
  bibdate =      "Thu Feb 22 08:43:46 MST 2001",
  bibsource =    "http://www.ecma-international.org/publications/standards/Standard.htm",
  URL =          "http://www.ecma.ch/ecma1/STAND/ECMA-236.HTM",
  acknowledgement = ack-nhfb,
  ECMAnumber =   "ECMA-236",
}

@Book{ECMA-237,
  author =       "{ECMA}",
  title =        "{ECMA-237}: Limits and Methods of Measurement of
                 Immunity Characteristics of Information Technology
                 Equipment",
  publisher =    pub-ECMA,
  address =      pub-ECMA:adr,
  month =        jun,
  year =         "1996",
  bibdate =      "Thu Feb 22 08:43:46 MST 2001",
  bibsource =    "http://www.ecma-international.org/publications/standards/Standard.htm",
  URL =          "http://www.ecma.ch/ecma1/STAND/ECMA-237.HTM",
  acknowledgement = ack-nhfb,
  ECMAnumber =   "ECMA-237",
}

@Book{ECMA-238,
  author =       "{ECMA}",
  title =        "{ECMA-238}: Data Interchange on 130\,mm Optical Disk
                 Cartridge of Type {WORM} ({Write Once Read Many}) using
                 Irreversible Effects --- Capacity: 2,6 {Gbytes} per
                 Cartridge",
  publisher =    pub-ECMA,
  address =      pub-ECMA:adr,
  month =        jun,
  year =         "1996",
  bibdate =      "Thu Feb 22 08:43:46 MST 2001",
  bibsource =    "http://www.ecma-international.org/publications/standards/Standard.htm",
  URL =          "http://www.ecma.ch/ecma1/STAND/ECMA-238.HTM",
  acknowledgement = ack-nhfb,
  ECMAnumber =   "ECMA-238",
}

@Book{ECMA-239,
  author =       "{ECMA}",
  title =        "{ECMA-239}: Data Interchange on 90\,mm Optical Disk
                 Cartridges --- {HS-1} Format --- Capacity: {650
                 Megabytes} per Cartridge",
  publisher =    pub-ECMA,
  address =      pub-ECMA:adr,
  month =        jun,
  year =         "1996",
  bibdate =      "Thu Feb 22 08:43:46 MST 2001",
  bibsource =    "http://www.ecma-international.org/publications/standards/Standard.htm",
  URL =          "http://www.ecma.ch/ecma1/STAND/ECMA-239.HTM",
  acknowledgement = ack-nhfb,
  ECMAnumber =   "ECMA-239",
}

@Book{ECMA-240,
  author =       "{ECMA}",
  title =        "{ECMA-240}: Data Interchange on 120\,mm Optical Disk
                 Cartridges using Phase Change {PD} Format --- Capacity:
                 {650 Mbytes} per Cartridge",
  publisher =    pub-ECMA,
  address =      pub-ECMA:adr,
  month =        jun,
  year =         "1996",
  bibdate =      "Thu Feb 22 08:43:46 MST 2001",
  bibsource =    "http://www.ecma-international.org/publications/standards/Standard.htm",
  URL =          "http://www.ecma.ch/ecma1/STAND/ECMA-240.HTM",
  acknowledgement = ack-nhfb,
  ECMAnumber =   "ECMA-240",
}

@Book{ECMA-241,
  author =       "{ECMA}",
  title =        "{ECMA-241}: {Private Integrated Services Network}
                 ({PISN}) --- Specification, Functional Model and
                 Information Flows --- {Message Waiting Indication}
                 Supplementary Service ({MWISD})",
  publisher =    pub-ECMA,
  address =      pub-ECMA:adr,
  edition =      "Third",
  month =        dec,
  year =         "1998",
  bibdate =      "Thu Feb 22 08:43:46 MST 2001",
  bibsource =    "http://www.ecma-international.org/publications/standards/Standard.htm",
  URL =          "http://www.ecma.ch/ecma1/STAND/ECMA-241.HTM",
  acknowledgement = ack-nhfb,
  ECMAnumber =   "ECMA-241",
}

@Book{ECMA-242,
  author =       "{ECMA}",
  title =        "{ECMA-242}: {Private Integrated Services Network}
                 ({PISN}) --- {Inter-Exchange Signalling Protocol ---
                 Message Waiting Indication} Supplementary Service
                 ({QSIG-MWI})",
  publisher =    pub-ECMA,
  address =      pub-ECMA:adr,
  edition =      "Third",
  month =        dec,
  year =         "1998",
  bibdate =      "Thu Feb 22 08:43:46 MST 2001",
  bibsource =    "http://www.ecma-international.org/publications/standards/Standard.htm",
  URL =          "http://www.ecma.ch/ecma1/STAND/ECMA-242.HTM",
  acknowledgement = ack-nhfb,
  ECMAnumber =   "ECMA-242",
}

@Book{ECMA-243,
  author =       "{ECMA}",
  title =        "{ECMA-243}: {Private Integrated Services Network}
                 ({PISN}) --- {Cordless Terminal Mobility} ({CTM}) ---
                 {Inter-Exchange Signalling Protocol --- Cordless
                 Terminal Authentication} Supplementary Services
                 ({QSIG-CTAU})",
  publisher =    pub-ECMA,
  address =      pub-ECMA:adr,
  edition =      "Second",
  month =        sep,
  year =         "1997",
  bibdate =      "Thu Feb 22 08:43:46 MST 2001",
  bibsource =    "http://www.ecma-international.org/publications/standards/Standard.htm",
  URL =          "http://www.ecma.ch/ecma1/STAND/ECMA-243.HTM",
  acknowledgement = ack-nhfb,
  ECMAnumber =   "ECMA-243",
}

@Book{ECMA-244,
  author =       "{ECMA}",
  title =        "{ECMA-244}: {Private Integrated Services Network}
                 ({PISN}) --- Mapping Functions for the Employment of a
                 Circuit Mode Basic Service and the Supplementary
                 Service {User-to-User Signalling} as a Pair of
                 On-demand Inter-{PINX} Connections (Mapping-{UUS})",
  publisher =    pub-ECMA,
  address =      pub-ECMA:adr,
  month =        jun,
  year =         "1996",
  bibdate =      "Thu Feb 22 08:43:46 MST 2001",
  bibsource =    "http://www.ecma-international.org/publications/standards/Standard.htm",
  URL =          "http://www.ecma.ch/ecma1/STAND/ECMA-244.HTM",
  acknowledgement = ack-nhfb,
  ECMAnumber =   "ECMA-244",
}

@Book{ECMA-245,
  author =       "{ECMA}",
  title =        "{ECMA-245}: {Private Integrated Services Network}
                 ({PISN}) --- {Inter-Exchange Signalling Protocol ---
                 PINX} Clock Synchronization ({SYNC-SIG})",
  publisher =    pub-ECMA,
  address =      pub-ECMA:adr,
  edition =      "Second",
  month =        sep,
  year =         "1997",
  bibdate =      "Thu Feb 22 08:43:46 MST 2001",
  bibsource =    "http://www.ecma-international.org/publications/standards/Standard.htm",
  URL =          "http://www.ecma.ch/ecma1/STAND/ECMA-245.HTM",
  acknowledgement = ack-nhfb,
  ECMAnumber =   "ECMA-245",
}

@Book{ECMA-246,
  author =       "{ECMA}",
  title =        "{ECMA-246}: 8\,mm Wide Magnetic Tape Cartridge for
                 Information Interchange --- Helical Scan Recording ---
                 {AIT-1} Format",
  publisher =    pub-ECMA,
  address =      pub-ECMA:adr,
  edition =      "Second",
  month =        jun,
  year =         "1998",
  bibdate =      "Thu Feb 22 08:43:46 MST 2001",
  bibsource =    "http://www.ecma-international.org/publications/standards/Standard.htm",
  URL =          "http://www.ecma.ch/ecma1/STAND/ECMA-246.HTM",
  acknowledgement = ack-nhfb,
  ECMAnumber =   "ECMA-246",
}

@Book{ECMA-247,
  author =       "{ECMA}",
  title =        "{ECMA-247}: 8\,mm Wide Magnetic Tape Cartridge for
                 Information Interchange --- Helical Scan Recording ---
                 {HH-1} Format",
  publisher =    pub-ECMA,
  address =      pub-ECMA:adr,
  edition =      "Second",
  month =        jun,
  year =         "1998",
  bibdate =      "Thu Feb 22 08:43:46 MST 2001",
  bibsource =    "http://www.ecma-international.org/publications/standards/Standard.htm",
  URL =          "http://www.ecma.ch/ecma1/STAND/ECMA-247.HTM",
  acknowledgement = ack-nhfb,
  ECMAnumber =   "ECMA-247",
}

@Book{ECMA-248,
  author =       "{ECMA}",
  title =        "{ECMA-248}: 12,65\,mm Wide Magnetic Tape Cassette for
                 Information Interchange --- Helical Scan Recording ---
                 {DTF-1} Format",
  publisher =    pub-ECMA,
  address =      pub-ECMA:adr,
  edition =      "Second",
  month =        jun,
  year =         "1998",
  bibdate =      "Thu Feb 22 08:43:46 MST 2001",
  bibsource =    "http://www.ecma-international.org/publications/standards/Standard.htm",
  URL =          "http://www.ecma.ch/ecma1/STAND/ECMA-248.HTM",
  acknowledgement = ack-nhfb,
  ECMAnumber =   "ECMA-248",
}

@Book{ECMA-249,
  author =       "{ECMA}",
  title =        "{ECMA-249}: 8\,mm Wide Magnetic Tape Cartridge for
                 Information Interchange --- Helical Scan Recording ---
                 {DA-2} Format",
  publisher =    pub-ECMA,
  address =      pub-ECMA:adr,
  edition =      "Second",
  month =        jun,
  year =         "1998",
  bibdate =      "Thu Feb 22 08:43:46 MST 2001",
  bibsource =    "http://www.ecma-international.org/publications/standards/Standard.htm",
  URL =          "http://www.ecma.ch/ecma1/STAND/ECMA-249.HTM",
  acknowledgement = ack-nhfb,
  ECMAnumber =   "ECMA-249",
}

@Book{ECMA-250,
  author =       "{ECMA}",
  title =        "{ECMA-250}: {Private Integrated Services Network}
                 ({PISN}) --- Specification, Functional Model and
                 Information Flows --- {Common Information} Additional
                 Network Feature ({ANF-CMNSD})",
  publisher =    pub-ECMA,
  address =      pub-ECMA:adr,
  edition =      "Second",
  month =        dec,
  year =         "1998",
  bibdate =      "Thu Feb 22 08:43:46 MST 2001",
  bibsource =    "http://www.ecma-international.org/publications/standards/Standard.htm",
  URL =          "http://www.ecma.ch/ecma1/STAND/ECMA-250.HTM",
  acknowledgement = ack-nhfb,
  ECMAnumber =   "ECMA-250",
}

@Book{ECMA-251,
  author =       "{ECMA}",
  title =        "{ECMA-251}: {Private Integrated Services Network}
                 ({PISN}) --- {Inter-Exchange Signalling Protocol ---
                 Common Information} Additional Network Feature
                 ({QSIG-CMN})",
  publisher =    pub-ECMA,
  address =      pub-ECMA:adr,
  edition =      "Second",
  month =        dec,
  year =         "1998",
  bibdate =      "Thu Feb 22 08:43:46 MST 2001",
  bibsource =    "http://www.ecma-international.org/publications/standards/Standard.htm",
  URL =          "http://www.ecma.ch/ecma1/STAND/ECMA-251.HTM",
  acknowledgement = ack-nhfb,
  ECMAnumber =   "ECMA-251",
}

@Book{ECMA-252,
  author =       "{ECMA}",
  title =        "{ECMA-252}: Broadband Private Integrated Services
                 Network ({B-PISN}) --- Inter-Exchange Signalling
                 Protocol --- {Transit Counter} Additional Network
                 Feature ({B-QSIG-TC})",
  publisher =    pub-ECMA,
  address =      pub-ECMA:adr,
  month =        dec,
  year =         "1996",
  bibdate =      "Thu Feb 22 08:43:46 MST 2001",
  bibsource =    "http://www.ecma-international.org/publications/standards/Standard.htm",
  URL =          "http://www.ecma.ch/ecma1/STAND/ECMA-252.HTM",
  acknowledgement = ack-nhfb,
  ECMAnumber =   "ECMA-252",
}

@Book{ECMA-253,
  author =       "{ECMA}",
  title =        "{ECMA-253}: {Private Integrated Services Network}
                 ({PISN}) --- Mapping Functions for the Employment of
                 64\,kbit/s Circuit Mode Connection with 16\,kbit/s
                 Sub-multiplexing (Mapping/16)",
  publisher =    pub-ECMA,
  address =      pub-ECMA:adr,
  edition =      "Second",
  month =        sep,
  year =         "2000",
  bibdate =      "Thu Feb 22 08:43:46 MST 2001",
  bibsource =    "http://www.ecma-international.org/publications/standards/Standard.htm",
  URL =          "http://www.ecma.ch/ecma1/STAND/ECMA-253.HTM",
  acknowledgement = ack-nhfb,
  ECMAnumber =   "ECMA-253",
}

@Book{ECMA-254,
  author =       "{ECMA}",
  title =        "{ECMA-254}: Broadband Private Integrated Services
                 Network ({B-PISN}) --- Inter-Exchange Signalling
                 Protocol --- Generic Functional Protocol
                 ({B-QSIG-GF})",
  publisher =    pub-ECMA,
  address =      pub-ECMA:adr,
  edition =      "Second",
  month =        dec,
  year =         "1999",
  bibdate =      "Thu Feb 22 08:43:46 MST 2001",
  bibsource =    "http://www.ecma-international.org/publications/standards/Standard.htm",
  URL =          "http://www.ecma.ch/ecma1/STAND/ECMA-254.HTM",
  acknowledgement = ack-nhfb,
  ECMAnumber =   "ECMA-254",
}

@Book{ECMA-258,
  author =       "{ECMA}",
  title =        "{ECMA-258}: Data Interchange on 12,7\,mm $128$-Track
                 Magnetic Tape Cartridges --- {DLT 3-XT} Format",
  publisher =    pub-ECMA,
  address =      pub-ECMA:adr,
  month =        jun,
  year =         "1997",
  bibdate =      "Thu Feb 22 08:43:46 MST 2001",
  bibsource =    "http://www.ecma-international.org/publications/standards/Standard.htm",
  URL =          "http://www.ecma.ch/ecma1/STAND/ECMA-258.HTM",
  acknowledgement = ack-nhfb,
  ECMAnumber =   "ECMA-258",
}

@Book{ECMA-259,
  author =       "{ECMA}",
  title =        "{ECMA-259}: Data Interchange on 12,7\,mm 208-Track
                 Magnetic Tape Cartridges --- {DLT} 5 Format",
  publisher =    pub-ECMA,
  address =      pub-ECMA:adr,
  month =        jun,
  year =         "1997",
  bibdate =      "Thu Feb 22 08:43:46 MST 2001",
  bibsource =    "http://www.ecma-international.org/publications/standards/Standard.htm",
  URL =          "http://www.ecma.ch/ecma1/STAND/ECMA-259.HTM",
  acknowledgement = ack-nhfb,
  ECMAnumber =   "ECMA-259",
}

@Book{ECMA-260,
  author =       "{ECMA}",
  title =        "{ECMA-260}: Data Interchange on 356\,mm Optical Disk
                 Cartridges --- {WORM}, using Phase Change Technology
                 Capacity: 14,8 and 25 {Gbytes} per Cartridge",
  publisher =    pub-ECMA,
  address =      pub-ECMA:adr,
  month =        jun,
  year =         "1997",
  bibdate =      "Thu Feb 22 08:43:46 MST 2001",
  bibsource =    "http://www.ecma-international.org/publications/standards/Standard.htm",
  URL =          "http://www.ecma.ch/ecma1/STAND/ECMA-260.HTM",
  acknowledgement = ack-nhfb,
  ECMAnumber =   "ECMA-260",
}

@Book{ECMA-261,
  author =       "{ECMA}",
  title =        "{ECMA-261}: Broadband Private Integrated Services
                 Network ({B-PISN}) --- Service Description ---
                 Broadband Connection Oriented Bearer Services
                 ({B-BCSD})",
  publisher =    pub-ECMA,
  address =      pub-ECMA:adr,
  month =        jun,
  year =         "1997",
  bibdate =      "Thu Feb 22 08:43:46 MST 2001",
  bibsource =    "http://www.ecma-international.org/publications/standards/Standard.htm",
  URL =          "http://www.ecma.ch/ecma1/STAND/ECMA-261.HTM",
  acknowledgement = ack-nhfb,
  ECMAnumber =   "ECMA-261",
}

@Book{ECMA-262,
  author =       "{ECMA}",
  title =        "{ECMA-262}: {ECMAScript} Language Specification",
  publisher =    pub-ECMA,
  address =      pub-ECMA:adr,
  edition =      "Third",
  month =        dec,
  year =         "1999",
  bibdate =      "Thu Feb 22 08:43:46 MST 2001",
  bibsource =    "http://www.ecma-international.org/publications/standards/Standard.htm",
  URL =          "http://www.ecma.ch/ecma1/STAND/ECMA-262.HTM",
  acknowledgement = ack-nhfb,
  ECMAnumber =   "ECMA-262",
}

@Book{ECMA-263,
  author =       "{ECMA}",
  title =        "{ECMA-263}: {Private Integrated Services Network}
                 ({PISN}) --- Specification, Functional Model and
                 Information Flows --- {Call Priority Interruption} and
                 {Call Priority Interruption Protection} Supplementary
                 Services ({CPI}({P}){SD})",
  publisher =    pub-ECMA,
  address =      pub-ECMA:adr,
  edition =      "Second",
  month =        dec,
  year =         "1998",
  bibdate =      "Thu Feb 22 08:43:46 MST 2001",
  bibsource =    "http://www.ecma-international.org/publications/standards/Standard.htm",
  URL =          "http://www.ecma.ch/ecma1/STAND/ECMA-263.HTM",
  acknowledgement = ack-nhfb,
  ECMAnumber =   "ECMA-263",
}

@Book{ECMA-264,
  author =       "{ECMA}",
  title =        "{ECMA-264}: {Private Integrated Services Network}
                 ({PISN}) --- {Inter-Exchange Signalling Protocol ---
                 Call Priority Interruption} and {Call Priority
                 Interruption Protection} Supplementary Services
                 ({QSIG-CPI}({P}))",
  publisher =    pub-ECMA,
  address =      pub-ECMA:adr,
  edition =      "Second",
  month =        dec,
  year =         "1998",
  bibdate =      "Thu Feb 22 08:43:46 MST 2001",
  bibsource =    "http://www.ecma-international.org/publications/standards/Standard.htm",
  URL =          "http://www.ecma.ch/ecma1/STAND/ECMA-264.HTM",
  acknowledgement = ack-nhfb,
  ECMAnumber =   "ECMA-264",
}

@Book{ECMA-265,
  author =       "{ECMA}",
  title =        "{ECMA-265}: Broadband Private Integrated Services
                 Network ({B-PISN}) --- Inter-Exchange Signalling
                 Protocol --- Signalling {ATM} Adaptation Layer
                 ({B-QSIG-SAAL})",
  publisher =    pub-ECMA,
  address =      pub-ECMA:adr,
  month =        sep,
  year =         "1997",
  bibdate =      "Thu Feb 22 08:43:46 MST 2001",
  bibsource =    "http://www.ecma-international.org/publications/standards/Standard.htm",
  URL =          "http://www.ecma.ch/ecma1/STAND/ECMA-265.HTM",
  acknowledgement = ack-nhfb,
  ECMAnumber =   "ECMA-265",
}

@Book{ECMA-266,
  author =       "{ECMA}",
  title =        "{ECMA-266}: Broadband Private Integrated Services
                 Network ({B-PISN}) --- Inter-Exchange Signalling
                 Protocol --- Basic Call/Connection Control
                 ({B-QSIG-BC})",
  publisher =    pub-ECMA,
  address =      pub-ECMA:adr,
  month =        sep,
  year =         "1997",
  bibdate =      "Thu Feb 22 08:43:46 MST 2001",
  bibsource =    "http://www.ecma-international.org/publications/standards/Standard.htm",
  URL =          "http://www.ecma.ch/ecma1/STAND/ECMA-266.HTM",
  acknowledgement = ack-nhfb,
  ECMAnumber =   "ECMA-266",
}

@Book{ECMA-267,
  author =       "{ECMA}",
  title =        "{ECMA-267}: 120\,mm {DVD} --- Read-Only Disk",
  publisher =    pub-ECMA,
  address =      pub-ECMA:adr,
  edition =      "Second",
  month =        dec,
  year =         "1999",
  bibdate =      "Thu Feb 22 08:43:46 MST 2001",
  bibsource =    "http://www.ecma-international.org/publications/standards/Standard.htm",
  URL =          "http://www.ecma.ch/ecma1/STAND/ECMA-267.HTM",
  acknowledgement = ack-nhfb,
  ECMAnumber =   "ECMA-267",
}

@Book{ECMA-268,
  author =       "{ECMA}",
  title =        "{ECMA-268}: 80\,mm {DVD} --- Read-Only Disk",
  publisher =    pub-ECMA,
  address =      pub-ECMA:adr,
  edition =      "Second",
  month =        dec,
  year =         "1999",
  bibdate =      "Thu Feb 22 08:43:46 MST 2001",
  bibsource =    "http://www.ecma-international.org/publications/standards/Standard.htm",
  URL =          "http://www.ecma.ch/ecma1/STAND/ECMA-268.HTM",
  acknowledgement = ack-nhfb,
  ECMAnumber =   "ECMA-268",
}

@Book{ECMA-269,
  author =       "{ECMA}",
  title =        "{ECMA-269}: Services for {Computer Supported
                 Telecommunications Applications} ({CSTA}) {Phase III}",
  publisher =    pub-ECMA,
  address =      pub-ECMA:adr,
  edition =      "Fourth",
  month =        jun,
  year =         "2000",
  bibdate =      "Thu Feb 22 08:43:46 MST 2001",
  bibsource =    "http://www.ecma-international.org/publications/standards/Standard.htm",
  URL =          "http://www.ecma.ch/ecma1/STAND/ECMA-269.HTM",
  acknowledgement = ack-nhfb,
  ECMAnumber =   "ECMA-269",
}

@Book{ECMA-270,
  author =       "{ECMA}",
  title =        "{ECMA-270}: {Portable Common Tool Environment}
                 ({PCTE}) --- Mapping from {CASE Data Interchange
                 Format} ({CDIF}) to {PCTE}",
  publisher =    pub-ECMA,
  address =      pub-ECMA:adr,
  month =        dec,
  year =         "1997",
  bibdate =      "Thu Feb 22 08:43:46 MST 2001",
  bibsource =    "http://www.ecma-international.org/publications/standards/Standard.htm",
  URL =          "http://www.ecma.ch/ecma1/STAND/ECMA-270.HTM",
  acknowledgement = ack-nhfb,
  ECMAnumber =   "ECMA-270",
}

@Book{ECMA-271,
  author =       "{ECMA}",
  title =        "{ECMA-271}: {Extended Commercially Oriented
                 Functionality Class} for Security Evaluation ({E ---
                 COFC})",
  publisher =    pub-ECMA,
  address =      pub-ECMA:adr,
  edition =      "Second",
  month =        dec,
  year =         "1999",
  bibdate =      "Thu Feb 22 08:43:46 MST 2001",
  bibsource =    "http://www.ecma-international.org/publications/standards/Standard.htm",
  URL =          "http://www.ecma.ch/ecma1/STAND/ECMA-271.HTM",
  acknowledgement = ack-nhfb,
  ECMAnumber =   "ECMA-271",
}

@Book{ECMA-272,
  author =       "{ECMA}",
  title =        "{ECMA-272}: 120\,mm {DVD} Rewritable Disk
                 ({DVD-RAM})",
  publisher =    pub-ECMA,
  address =      pub-ECMA:adr,
  edition =      "Second",
  month =        jun,
  year =         "1999",
  bibdate =      "Thu Feb 22 08:43:46 MST 2001",
  bibsource =    "http://www.ecma-international.org/publications/standards/Standard.htm",
  URL =          "http://www.ecma.ch/ecma1/STAND/ECMA-272.HTM",
  acknowledgement = ack-nhfb,
  ECMAnumber =   "ECMA-272",
}

@Book{ECMA-273,
  author =       "{ECMA}",
  title =        "{ECMA-273}: Case for 120\,mm {DVD-RAM} Disks",
  publisher =    pub-ECMA,
  address =      pub-ECMA:adr,
  month =        feb,
  year =         "1998",
  bibdate =      "Thu Feb 22 08:43:46 MST 2001",
  bibsource =    "http://www.ecma-international.org/publications/standards/Standard.htm",
  URL =          "http://www.ecma.ch/ecma1/STAND/ECMA-273.HTM",
  acknowledgement = ack-nhfb,
  ECMAnumber =   "ECMA-273",
}

@Book{ECMA-274,
  author =       "{ECMA}",
  title =        "{ECMA-274}: Data Interchange on 120\,mm Optical Disk
                 using +{RW} Format --- Capacity: 3,0 {Gbytes} and 6,0
                 {Gbytes}",
  publisher =    pub-ECMA,
  address =      pub-ECMA:adr,
  edition =      "Second",
  month =        jun,
  year =         "1999",
  bibdate =      "Thu Feb 22 08:43:46 MST 2001",
  bibsource =    "http://www.ecma-international.org/publications/standards/Standard.htm",
  URL =          "http://www.ecma.ch/ecma1/STAND/ECMA-274.HTM",
  acknowledgement = ack-nhfb,
  ECMAnumber =   "ECMA-274",
}

@Book{ECMA-275,
  author =       "{ECMA}",
  title =        "{ECMA-275}: Measurement of structure-borne vibration
                 induced by small air moving devices ({AMDs})",
  publisher =    pub-ECMA,
  address =      pub-ECMA:adr,
  month =        jun,
  year =         "1998",
  bibdate =      "Thu Feb 22 08:43:46 MST 2001",
  bibsource =    "http://www.ecma-international.org/publications/standards/Standard.htm",
  URL =          "http://www.ecma.ch/ecma1/STAND/ECMA-275.HTM",
  acknowledgement = ack-nhfb,
  ECMAnumber =   "ECMA-275",
}

@Book{ECMA-276,
  author =       "{ECMA}",
  title =        "{ECMA-276}: {Private Integrated Services Network}
                 ({PISN}) --- Reference Configuration for {PINX}
                 Extension Lines",
  publisher =    pub-ECMA,
  address =      pub-ECMA:adr,
  month =        jun,
  year =         "1998",
  bibdate =      "Thu Feb 22 08:43:46 MST 2001",
  bibsource =    "http://www.ecma-international.org/publications/standards/Standard.htm",
  URL =          "http://www.ecma.ch/ecma1/STAND/ECMA-276.HTM",
  acknowledgement = ack-nhfb,
  ECMAnumber =   "ECMA-276",
}

@Book{ECMA-277,
  author =       "{ECMA}",
  title =        "{ECMA-277}: {Private Integrated Services Network}
                 ({PISN}) --- Circuit Emulation Specification ---
                 Emulation of Basic Access by {ATM} Networks",
  publisher =    pub-ECMA,
  address =      pub-ECMA:adr,
  month =        jun,
  year =         "1998",
  bibdate =      "Thu Feb 22 08:43:46 MST 2001",
  bibsource =    "http://www.ecma-international.org/publications/standards/Standard.htm",
  URL =          "http://www.ecma.ch/ecma1/STAND/../STAND/ecma-277.HTM",
  acknowledgement = ack-nhfb,
  ECMAnumber =   "ECMA-277",
}

@Book{ECMA-278,
  author =       "{ECMA}",
  title =        "{ECMA-278}: Data Interchange on 12,7 mm 128-Track
                 Magnetic Tape Cartridge --- Parallel Serpentine
                 Format",
  publisher =    pub-ECMA,
  address =      pub-ECMA:adr,
  edition =      "Second",
  month =        jun,
  year =         "2000",
  bibdate =      "Thu Feb 22 08:43:46 MST 2001",
  bibsource =    "http://www.ecma-international.org/publications/standards/Standard.htm",
  URL =          "http://www.ecma.ch/ecma1/STAND/ECMA-278.HTM",
  acknowledgement = ack-nhfb,
  ECMAnumber =   "ECMA-278",
}

@Book{ECMA-279,
  author =       "{ECMA}",
  title =        "{ECMA-279}: 80 mm (1,23 {Gbytes} per side) and 120 mm
                 (3,95 {Gbytes} per side) {DVD-Recordable} Disk
                 ({DVD-R})",
  publisher =    pub-ECMA,
  address =      pub-ECMA:adr,
  month =        dec,
  year =         "1998",
  bibdate =      "Thu Feb 22 08:43:46 MST 2001",
  bibsource =    "http://www.ecma-international.org/publications/standards/Standard.htm",
  URL =          "http://www.ecma.ch/ecma1/STAND/ECMA-279.HTM",
  acknowledgement = ack-nhfb,
  ECMAnumber =   "ECMA-279",
}

@Book{ECMA-280,
  author =       "{ECMA}",
  title =        "{ECMA-280}: Data Interchange on 130 mm Optical Disk
                 Cartridges of Type {WORM} ({Write Once Read Many})
                 Using Irreversible Effects --- Capacity: 5,2 {Gbytes}
                 per Cartridge",
  publisher =    pub-ECMA,
  address =      pub-ECMA:adr,
  month =        dec,
  year =         "1998",
  bibdate =      "Thu Feb 22 08:43:46 MST 2001",
  bibsource =    "http://www.ecma-international.org/publications/standards/Standard.htm",
  URL =          "http://www.ecma.ch/ecma1/STAND/ECMA-280.HTM",
  acknowledgement = ack-nhfb,
  ECMAnumber =   "ECMA-280",
}

@Book{ECMA-281,
  author =       "{ECMA}",
  title =        "{ECMA-281}: {Private Integrated Services Network}
                 ({PISN}) --- Specification, Functional Model and
                 Information Flows --- Private User Mobility ({PUM}) ---
                 {Registration} Supplementary Service ({PUMRSD})",
  publisher =    pub-ECMA,
  address =      pub-ECMA:adr,
  edition =      "Second",
  month =        jun,
  year =         "2000",
  bibdate =      "Thu Feb 22 08:43:46 MST 2001",
  bibsource =    "http://www.ecma-international.org/publications/standards/Standard.htm",
  URL =          "http://www.ecma.ch/ecma1/STAND/ECMA-281.HTM",
  acknowledgement = ack-nhfb,
  ECMAnumber =   "ECMA-281",
}

@Book{ECMA-282,
  author =       "{ECMA}",
  title =        "{ECMA-282}: {Private Integrated Services Network}
                 ({PISN}) --- {Inter-Exchange Signalling Protocol} ---
                 Private User Mobility ({PUM}) --- {Registration}
                 Supplementary Service ({QSIG-PUMR})",
  publisher =    pub-ECMA,
  address =      pub-ECMA:adr,
  edition =      "Second",
  month =        jun,
  year =         "2000",
  bibdate =      "Thu Feb 22 08:43:46 MST 2001",
  bibsource =    "http://www.ecma-international.org/publications/standards/Standard.htm",
  URL =          "http://www.ecma.ch/ecma1/STAND/ECMA-282.HTM",
  acknowledgement = ack-nhfb,
  ECMAnumber =   "ECMA-282",
}

@Book{ECMA-283,
  author =       "{ECMA}",
  title =        "{ECMA-283}: {Private Integrated Services Network}
                 ({PISN}) --- Specification, Functional Model and
                 Information Flows --- Private User Mobility ({PUM}) ---
                 {Call Handling} Additional Network Features
                 ({PUMCHSD})",
  publisher =    pub-ECMA,
  address =      pub-ECMA:adr,
  edition =      "Second",
  month =        jun,
  year =         "2000",
  bibdate =      "Thu Feb 22 08:43:46 MST 2001",
  bibsource =    "http://www.ecma-international.org/publications/standards/Standard.htm",
  URL =          "http://www.ecma.ch/ecma1/STAND/ECMA-283.HTM",
  acknowledgement = ack-nhfb,
  ECMAnumber =   "ECMA-283",
}

@Book{ECMA-284,
  author =       "{ECMA}",
  title =        "{ECMA-284}: {Private Integrated Services Network}
                 ({PISN}) --- {Inter-Exchange Signalling Protocol ---
                 Private User Mobility} ({PUM}) --- {Call Handling}
                 Additional Network Features ({QSIG-PUMCH})",
  publisher =    pub-ECMA,
  address =      pub-ECMA:adr,
  edition =      "Second",
  month =        jun,
  year =         "2000",
  bibdate =      "Thu Feb 22 08:43:46 MST 2001",
  bibsource =    "http://www.ecma-international.org/publications/standards/Standard.htm",
  URL =          "http://www.ecma.ch/ecma1/STAND/ECMA-284.HTM",
  acknowledgement = ack-nhfb,
  ECMAnumber =   "ECMA-284",
}

@Book{ECMA-285,
  author =       "{ECMA}",
  title =        "{ECMA-285}: Protocol for {Computer Supported
                 Telecommunications Applications} ({CSTA}) {Phase III}",
  publisher =    pub-ECMA,
  address =      pub-ECMA:adr,
  edition =      "Second",
  month =        jun,
  year =         "2000",
  bibdate =      "Thu Feb 22 08:43:46 MST 2001",
  bibsource =    "http://www.ecma-international.org/publications/standards/Standard.htm",
  URL =          "http://www.ecma.ch/ecma1/STAND/ECMA-285.HTM",
  acknowledgement = ack-nhfb,
  ECMAnumber =   "ECMA-285",
}

@Book{ECMA-286,
  author =       "{ECMA}",
  title =        "{ECMA-286}: Data Interchange on 12,7 mm 208-Track
                 Magnetic Tape Cartridges --- {DLT} 6 Format",
  publisher =    pub-ECMA,
  address =      pub-ECMA:adr,
  edition =      "Second",
  month =        jun,
  year =         "2000",
  bibdate =      "Thu Feb 22 08:43:46 MST 2001",
  bibsource =    "http://www.ecma-international.org/publications/standards/Standard.htm",
  URL =          "http://www.ecma.ch/ecma1/STAND/ECMA-286.HTM",
  acknowledgement = ack-nhfb,
  ECMAnumber =   "ECMA-286",
}

@Book{ECMA-287,
  author =       "{ECMA}",
  title =        "{ECMA-287}: Safety of electronic equipment",
  publisher =    pub-ECMA,
  address =      pub-ECMA:adr,
  month =        jun,
  year =         "1999",
  bibdate =      "Thu Feb 22 08:43:46 MST 2001",
  bibsource =    "http://www.ecma-international.org/publications/standards/Standard.htm",
  URL =          "http://www.ecma.ch/ecma1/STAND/ECMA-287.HTM",
  acknowledgement = ack-nhfb,
  ECMAnumber =   "ECMA-287",
}

@Book{ECMA-288,
  author =       "{ECMA}",
  title =        "{ECMA-288}: 3,81 mm Wide Magnetic Tape Cartridge for
                 Information Interchange --- Helical Scan Recording ---
                 {DDS-4} Format",
  publisher =    pub-ECMA,
  address =      pub-ECMA:adr,
  month =        jun,
  year =         "1999",
  bibdate =      "Thu Feb 22 08:43:46 MST 2001",
  bibsource =    "http://www.ecma-international.org/publications/standards/Standard.htm",
  URL =          "http://www.ecma.ch/ecma1/STAND/ECMA-288.HTM",
  acknowledgement = ack-nhfb,
  ECMAnumber =   "ECMA-288",
}

@Book{ECMA-289,
  author =       "{ECMA}",
  title =        "{ECMA-289}: {Private Integrated Services Network}
                 ({PISN}) --- Mapping Functions for the Employment of
                 64\,kbit/s Circuit Mode Connections with 8\,kbit/s
                 Sub-Multiplexing (Mapping/8)",
  publisher =    pub-ECMA,
  address =      pub-ECMA:adr,
  month =        jun,
  year =         "1999",
  bibdate =      "Thu Feb 22 08:43:46 MST 2001",
  bibsource =    "http://www.ecma-international.org/publications/standards/Standard.htm",
  URL =          "http://www.ecma.ch/ecma1/STAND/ECMA-289.HTM",
  acknowledgement = ack-nhfb,
  ECMAnumber =   "ECMA-289",
}

@Book{ECMA-290,
  author =       "{ECMA}",
  title =        "{ECMA-290}: {ECMAScript} Components Specification",
  publisher =    pub-ECMA,
  address =      pub-ECMA:adr,
  month =        jun,
  year =         "1999",
  bibdate =      "Thu Feb 22 08:43:46 MST 2001",
  bibsource =    "http://www.ecma-international.org/publications/standards/Standard.htm",
  URL =          "http://www.ecma.ch/ecma1/STAND/ECMA-290.HTM",
  acknowledgement = ack-nhfb,
  ECMAnumber =   "ECMA-290",
}

@Book{ECMA-291,
  author =       "{ECMA}",
  title =        "{ECMA-291}: 8 mm Wide Magnetic Tape Cartridge for
                 Information Interchange --- Helical Scan Recording
                 {AIT-1} with {MIC} Format",
  publisher =    pub-ECMA,
  address =      pub-ECMA:adr,
  month =        dec,
  year =         "1999",
  bibdate =      "Thu Feb 22 08:43:46 MST 2001",
  bibsource =    "http://www.ecma-international.org/publications/standards/Standard.htm",
  URL =          "http://www.ecma.ch/ecma1/STAND/ECMA-291.HTM",
  acknowledgement = ack-nhfb,
  ECMAnumber =   "ECMA-291",
}

@Book{ECMA-292,
  author =       "{ECMA}",
  title =        "{ECMA-292}: 8 mm Wide Magnetic Tape Cartridge for
                 Information Interchange --- Helical Scan Recording
                 {AIT-2} with {MIC} Format",
  publisher =    pub-ECMA,
  address =      pub-ECMA:adr,
  month =        dec,
  year =         "1999",
  bibdate =      "Thu Feb 22 08:43:46 MST 2001",
  bibsource =    "http://www.ecma-international.org/publications/standards/Standard.htm",
  URL =          "http://www.ecma.ch/ecma1/STAND/ECMA-292.HTM",
  acknowledgement = ack-nhfb,
  ECMAnumber =   "ECMA-292",
}

@Book{ECMA-293,
  author =       "{ECMA}",
  title =        "{ECMA-293}: 8 mm Wide Magnetic Tape Cartridge for
                 Information Interchange --- Helical Scan Recording ---
                 {MammothTape-2} Format",
  publisher =    pub-ECMA,
  address =      pub-ECMA:adr,
  month =        dec,
  year =         "1999",
  bibdate =      "Thu Feb 22 08:43:46 MST 2001",
  bibsource =    "http://www.ecma-international.org/publications/standards/Standard.htm",
  URL =          "http://www.ecma.ch/ecma1/STAND/ECMA-293.HTM",
  acknowledgement = ack-nhfb,
  ECMAnumber =   "ECMA-293",
}

@Book{ECMA-294,
  author =       "{ECMA}",
  title =        "{ECMA-294}: {B-ISDN} and {B-PISN} --- Digital
                 Subscriber Signalling System No. two ({DSS2}),
                 Broadband Inter-Exchange Signalling ({B-QSIG}), and
                 Signalling System No. 7 ({SS7}) --- Call Control in a
                 Separated Call and Bearer Control Environment --- Part
                 1: Protocol Specification",
  publisher =    pub-ECMA,
  address =      pub-ECMA:adr,
  month =        dec,
  year =         "1999",
  bibdate =      "Thu Feb 22 08:43:46 MST 2001",
  bibsource =    "http://www.ecma-international.org/publications/standards/Standard.htm",
  URL =          "http://www.ecma.ch/ecma1/STAND/ECMA-294.HTM",
  acknowledgement = ack-nhfb,
  ECMAnumber =   "ECMA-294",
}

@Book{ECMA-295,
  author =       "{ECMA}",
  title =        "{ECMA-295}: {B-ISDN} and {B-PISN} --- Digital
                 Subscriber Signalling System No. two ({DSS2}),
                 Broadband Inter-Exchange Signalling ({B-QSIG}), and
                 Signalling System No. 7 ({SS7}) --- Call Control in a
                 Separated Call and Bearer Control Environment --- Part
                 2: {Protocol Implementation Conformance Statement}
                 ({PICS}) Proforma Specification",
  publisher =    pub-ECMA,
  address =      pub-ECMA:adr,
  month =        dec,
  year =         "1999",
  bibdate =      "Thu Feb 22 08:43:46 MST 2001",
  bibsource =    "http://www.ecma-international.org/publications/standards/Standard.htm",
  URL =          "http://www.ecma.ch/ecma1/STAND/ECMA-295.HTM",
  acknowledgement = ack-nhfb,
  ECMAnumber =   "ECMA-295",
}

@Book{ECMA-296,
  author =       "{ECMA}",
  title =        "{ECMA-296}: {B-ISDN} and {B-PISN} --- Digital
                 Subscriber Signalling System No. two ({DSS2}),
                 Broadband Inter-Exchange Signalling ({B-QSIG}), and
                 Signalling System No. 7 ({SS7}) --- Prenegotiation ---
                 Part 1: Protocol Specification",
  publisher =    pub-ECMA,
  address =      pub-ECMA:adr,
  month =        dec,
  year =         "1999",
  bibdate =      "Thu Feb 22 08:43:46 MST 2001",
  bibsource =    "http://www.ecma-international.org/publications/standards/Standard.htm",
  URL =          "http://www.ecma.ch/ecma1/STAND/ECMA-296.HTM",
  acknowledgement = ack-nhfb,
  ECMAnumber =   "ECMA-296",
}

@Book{ECMA-297,
  author =       "{ECMA}",
  title =        "{ECMA-297}: {B-ISDN} and {B-PISN} --- Digital
                 Subscriber Signalling System No. two ({DSS2}),
                 Broadband Inter-Exchange Signalling ({B-QSIG}), and
                 Signalling System No. 7 ({SS7}) --- Prenegotiation ---
                 Part 2: {Protocol Implementation Conformance Statement}
                 ({PICS}) Proforma Specification",
  publisher =    pub-ECMA,
  address =      pub-ECMA:adr,
  month =        dec,
  year =         "1999",
  bibdate =      "Thu Feb 22 08:43:46 MST 2001",
  bibsource =    "http://www.ecma-international.org/publications/standards/Standard.htm",
  URL =          "http://www.ecma.ch/ecma1/STAND/ECMA-297.HTM",
  acknowledgement = ack-nhfb,
  ECMAnumber =   "ECMA-297",
}

@Book{ECMA-298,
  author =       "{ECMA}",
  title =        "{ECMA-298}: Broadband Private Integrated Services
                 Network ({B-PISN}) --- Inter-Exchange Signalling
                 Protocol --- Separated Bearer Control ({SBC})
                 ({B-QSIG-SBC})",
  publisher =    pub-ECMA,
  address =      pub-ECMA:adr,
  month =        dec,
  year =         "1999",
  bibdate =      "Thu Feb 22 08:43:46 MST 2001",
  bibsource =    "http://www.ecma-international.org/publications/standards/Standard.htm",
  URL =          "http://www.ecma.ch/ecma1/STAND/ECMA-298.HTM",
  acknowledgement = ack-nhfb,
  ECMAnumber =   "ECMA-298",
}

@Book{ECMA-299,
  author =       "{ECMA}",
  title =        "{ECMA-299}: {Private Integrated Services Network}
                 ({PISN}) --- Specification, Functional Model and
                 Information Flows --- {Single Step Call Transfer}
                 Supplementary Service ({SSCT-SD})",
  publisher =    pub-ECMA,
  address =      pub-ECMA:adr,
  month =        feb,
  year =         "2000",
  bibdate =      "Thu Feb 22 08:43:46 MST 2001",
  bibsource =    "http://www.ecma-international.org/publications/standards/Standard.htm",
  URL =          "http://www.ecma.ch/ecma1/STAND/ECMA-299.HTM",
  acknowledgement = ack-nhfb,
  ECMAnumber =   "ECMA-299",
}

@Book{ECMA-300,
  author =       "{ECMA}",
  title =        "{ECMA-300}: {Private Integrated Services Network}
                 ({PISN}) --- {Inter-Exchange Signalling Protocol} ---
                 {Single Step Call Transfer} Supplementary Service
                 ({QSIG-SSCT})",
  publisher =    pub-ECMA,
  address =      pub-ECMA:adr,
  month =        feb,
  year =         "2000",
  bibdate =      "Thu Feb 22 08:43:46 MST 2001",
  bibsource =    "http://www.ecma-international.org/publications/standards/Standard.htm",
  URL =          "http://www.ecma.ch/ecma1/STAND/ECMA-300.HTM",
  acknowledgement = ack-nhfb,
  ECMAnumber =   "ECMA-300",
}

@Book{ECMA-301,
  author =       "{ECMA}",
  title =        "{ECMA-301}: {Private Integrated Services Network}
                 ({PISN}) --- Specification, Functional Model and
                 Information Flows --- {Wireless Terminal Location
                 Registration} Supplementary Service and {Wireless
                 Terminal Information Exchange} Additional Network
                 Feature ({WTMLR-SD})",
  publisher =    pub-ECMA,
  address =      pub-ECMA:adr,
  month =        jun,
  year =         "2000",
  bibdate =      "Thu Feb 22 08:43:46 MST 2001",
  bibsource =    "http://www.ecma-international.org/publications/standards/Standard.htm",
  URL =          "http://www.ecma.ch/ecma1/STAND/ECMA-301.HTM",
  acknowledgement = ack-nhfb,
  ECMAnumber =   "ECMA-301",
}

@Book{ECMA-302,
  author =       "{ECMA}",
  title =        "{ECMA-302}: {Private Integrated Services Network}
                 ({PISN}) --- {Inter-Exchange Signalling Protocol ---
                 Wireless Terminal Location Registration} Supplementary
                 Service and {Wireless Terminal Information Exchange}
                 Additional Network Feature ({QSIG-WTMLR})",
  publisher =    pub-ECMA,
  address =      pub-ECMA:adr,
  month =        jun,
  year =         "2000",
  bibdate =      "Thu Feb 22 08:43:46 MST 2001",
  bibsource =    "http://www.ecma-international.org/publications/standards/Standard.htm",
  URL =          "http://www.ecma.ch/ecma1/STAND/ECMA-302.HTM",
  acknowledgement = ack-nhfb,
  ECMAnumber =   "ECMA-302",
}

@Book{ECMA-303,
  author =       "{ECMA}",
  title =        "{ECMA-303}: {Private Integrated Services Network}
                 ({PISN}) --- Specification, Functional Model and
                 Information Flows --- {Wireless Terminal Call Handling}
                 Additional Network Features ({WTMCH-SD})",
  publisher =    pub-ECMA,
  address =      pub-ECMA:adr,
  month =        jun,
  year =         "2000",
  bibdate =      "Thu Feb 22 08:43:46 MST 2001",
  bibsource =    "http://www.ecma-international.org/publications/standards/Standard.htm",
  URL =          "http://www.ecma.ch/ecma1/STAND/ECMA-303.HTM",
  acknowledgement = ack-nhfb,
  ECMAnumber =   "ECMA-303",
}

@Book{ECMA-304,
  author =       "{ECMA}",
  title =        "{ECMA-304}: {Private Integrated Services Network}
                 ({PISN}) --- {Inter-Exchange Signalling Protocol ---
                 Wireless Terminal Call Handling} Additional Network
                 Features ({QSIG-WTMCH})",
  publisher =    pub-ECMA,
  address =      pub-ECMA:adr,
  month =        jun,
  year =         "2000",
  bibdate =      "Thu Feb 22 08:43:46 MST 2001",
  bibsource =    "http://www.ecma-international.org/publications/standards/Standard.htm",
  URL =          "http://www.ecma.ch/ecma1/STAND/ECMA-304.HTM",
  acknowledgement = ack-nhfb,
  ECMAnumber =   "ECMA-304",
}

@Book{ECMA-305,
  author =       "{ECMA}",
  title =        "{ECMA-305}: {Private Integrated Services Network}
                 ({PISN}) --- Specification, Functional Model and
                 Information Flows --- {Wireless Terminal
                 Authentication} Supplementary Services ({WTMAU-SD})",
  publisher =    pub-ECMA,
  address =      pub-ECMA:adr,
  month =        jun,
  year =         "2000",
  bibdate =      "Thu Feb 22 08:43:46 MST 2001",
  bibsource =    "http://www.ecma-international.org/publications/standards/Standard.htm",
  URL =          "http://www.ecma.ch/ecma1/STAND/ECMA-305.HTM",
  acknowledgement = ack-nhfb,
  ECMAnumber =   "ECMA-305",
}

@Book{ECMA-306,
  author =       "{ECMA}",
  title =        "{ECMA-306}: {Private Integrated Services Network}
                 ({PISN}) --- {Inter-Exchange Signalling Protocol ---
                 Wireless Terminal Authentication} Supplementary
                 Services ({QSIG-WTMAU})",
  publisher =    pub-ECMA,
  address =      pub-ECMA:adr,
  month =        jun,
  year =         "2000",
  bibdate =      "Thu Feb 22 08:43:46 MST 2001",
  bibsource =    "http://www.ecma-international.org/publications/standards/Standard.htm",
  URL =          "http://www.ecma.ch/ecma1/STAND/ECMA-306.HTM",
  acknowledgement = ack-nhfb,
  ECMAnumber =   "ECMA-306",
}

@Book{ECMA-307,
  author =       "{ECMA}",
  title =        "{ECMA-307}: Corporate Telecommunication Networks ---
                 Signalling Interworking between {QSIG} and {H.323} ---
                 {Generic Functional Protocol} for the Support of
                 Supplementary Services",
  publisher =    pub-ECMA,
  address =      pub-ECMA:adr,
  month =        jun,
  year =         "2000",
  bibdate =      "Thu Feb 22 08:43:46 MST 2001",
  bibsource =    "http://www.ecma-international.org/publications/standards/Standard.htm",
  URL =          "http://www.ecma.ch/ecma1/STAND/ECMA-307.HTM",
  acknowledgement = ack-nhfb,
  ECMAnumber =   "ECMA-307",
}

@Book{ECMA-308,
  author =       "{ECMA}",
  title =        "{ECMA-308}: Corporate Telecommunication Networks ---
                 Signalling Interworking between {QSIG} and {H.323 ---
                 Call Transfer} Supplementary Services",
  publisher =    pub-ECMA,
  address =      pub-ECMA:adr,
  month =        jun,
  year =         "2000",
  bibdate =      "Thu Feb 22 08:43:46 MST 2001",
  bibsource =    "http://www.ecma-international.org/publications/standards/Standard.htm",
  URL =          "http://www.ecma.ch/ecma1/STAND/ECMA-308.HTM",
  acknowledgement = ack-nhfb,
  ECMAnumber =   "ECMA-308",
}

@Book{ECMA-309,
  author =       "{ECMA}",
  title =        "{ECMA-309}: Corporate Telecommunication Networks ---
                 Signalling Interworking between {QSIG} and {H.323 ---
                 Call Diversion} Supplementary Services",
  publisher =    pub-ECMA,
  address =      pub-ECMA:adr,
  month =        jun,
  year =         "2000",
  bibdate =      "Thu Feb 22 08:43:46 MST 2001",
  bibsource =    "http://www.ecma-international.org/publications/standards/Standard.htm",
  URL =          "http://www.ecma.ch/ecma1/STAND/ECMA-309.HTM",
  acknowledgement = ack-nhfb,
  ECMAnumber =   "ECMA-309",
}

@Book{ECMA-310,
  author =       "{ECMA}",
  title =        "{ECMA-310}: {Private Integrated Services Network}
                 ({PISN}) --- Specification, Functional Model and
                 Information Flows --- {Simple Dialog} Supplementary
                 Service ({SDSD})",
  publisher =    pub-ECMA,
  address =      pub-ECMA:adr,
  month =        jun,
  year =         "2000",
  bibdate =      "Thu Feb 22 08:43:46 MST 2001",
  bibsource =    "http://www.ecma-international.org/publications/standards/Standard.htm",
  URL =          "http://www.ecma.ch/ecma1/STAND/ECMA-310.HTM",
  acknowledgement = ack-nhfb,
  ECMAnumber =   "ECMA-310",
}

@Book{ECMA-311,
  author =       "{ECMA}",
  title =        "{ECMA-311}: {Private Integrated Services Network}
                 ({PISN}) --- {Inter-Exchange Signalling Protocol} ---
                 {Simple Dialog} Supplementary Service ({QSIG-SD})",
  publisher =    pub-ECMA,
  address =      pub-ECMA:adr,
  month =        jun,
  year =         "2000",
  bibdate =      "Thu Feb 22 08:43:46 MST 2001",
  bibsource =    "http://www.ecma-international.org/publications/standards/Standard.htm",
  URL =          "http://www.ecma.ch/ecma1/STAND/ECMA-311.HTM",
  acknowledgement = ack-nhfb,
  ECMAnumber =   "ECMA-311",
}

@Book{ECMA-312,
  author =       "{ECMA}",
  title =        "{ECMA-312}: {Private Integrated Services Network}
                 ({PISN}) --- Profile Standard for the Use of {PSS1}
                 ({QSIG}) in Air Traffic Services Networks",
  publisher =    pub-ECMA,
  address =      pub-ECMA:adr,
  month =        jun,
  year =         "2000",
  bibdate =      "Thu Feb 22 08:43:46 MST 2001",
  bibsource =    "http://www.ecma-international.org/publications/standards/Standard.htm",
  URL =          "http://www.ecma.ch/ecma1/STAND/ECMA-312.HTM",
  acknowledgement = ack-nhfb,
  ECMAnumber =   "ECMA-312",
}

@Book{ECMA-313,
  author =       "{ECMA}",
  title =        "{ECMA-313}: {Private Integrated Services Network}
                 ({PISN}) --- Specification, Functional Model and
                 Information Flows --- {Call Identification and Call
                 Linkage} Additional Network Feature ({CIDLSD})",
  publisher =    pub-ECMA,
  address =      pub-ECMA:adr,
  month =        sep,
  year =         "2000",
  bibdate =      "Thu Feb 22 08:43:46 MST 2001",
  bibsource =    "http://www.ecma-international.org/publications/standards/Standard.htm",
  URL =          "http://www.ecma.ch/ecma1/STAND/ECMA-313.HTM",
  acknowledgement = ack-nhfb,
  ECMAnumber =   "ECMA-313",
}

@Book{ECMA-314,
  author =       "{ECMA}",
  title =        "{ECMA-314}: {Private Integrated Services Network}
                 ({PISN}) --- {Inter-Exchange Signalling Protocol ---
                 Call Identification and Call Linkage} Additional
                 Network Feature ({QSIG-CIDL})",
  publisher =    pub-ECMA,
  address =      pub-ECMA:adr,
  month =        sep,
  year =         "2000",
  bibdate =      "Thu Feb 22 08:43:46 MST 2001",
  bibsource =    "http://www.ecma-international.org/publications/standards/Standard.htm",
  URL =          "http://www.ecma.ch/ecma1/STAND/ECMA-314.HTM",
  acknowledgement = ack-nhfb,
  ECMAnumber =   "ECMA-314",
}

@Book{ECMA-315,
  author =       "{ECMA}",
  title =        "{ECMA-315}: 12,65 mm Wide Magnetic Tape Cassette for
                 Information Interchange --- Helical Scan Recording ---
                 {DTF-2}",
  publisher =    pub-ECMA,
  address =      pub-ECMA:adr,
  month =        dec,
  year =         "2000",
  bibdate =      "Thu Feb 22 08:43:46 MST 2001",
  bibsource =    "http://www.ecma-international.org/publications/standards/Standard.htm",
  URL =          "http://www.ecma.ch/ecma1/STAND/ECMA-315.HTM",
  acknowledgement = ack-nhfb,
  ECMAnumber =   "ECMA-315",
}

@Book{ECMA-316,
  author =       "{ECMA}",
  title =        "{ECMA-316}: 8 mm Wide Magnetic Tape Cartridge for
                 Information Interchange --- Helical Scan Recording ---
                 {VXA-1} Format",
  publisher =    pub-ECMA,
  address =      pub-ECMA:adr,
  month =        dec,
  year =         "2000",
  bibdate =      "Thu Feb 22 08:43:46 MST 2001",
  bibsource =    "http://www.ecma-international.org/publications/standards/Standard.htm",
  URL =          "http://www.ecma.ch/ecma1/STAND/ECMA-316.HTM",
  acknowledgement = ack-nhfb,
  ECMAnumber =   "ECMA-316",
}

@Book{ECMA-317,
  author =       "{ECMA}",
  title =        "{ECMA-317}: Data Interchange on 300 mm Optical Disk
                 Cartridges of Type {WORM} ({Write Once Read Many})
                 Using Irreversible Effects --- Capacity: 30 {Gbytes}
                 per Cartridge",
  publisher =    pub-ECMA,
  address =      pub-ECMA:adr,
  month =        dec,
  year =         "2000",
  bibdate =      "Thu Feb 22 08:43:46 MST 2001",
  bibsource =    "http://www.ecma-international.org/publications/standards/Standard.htm",
  URL =          "http://www.ecma.ch/ecma1/STAND/ECMA-317.HTM",
  acknowledgement = ack-nhfb,
  ECMAnumber =   "ECMA-317",
}

@Book{ECMA-318,
  author =       "{ECMA}",
  title =        "{ECMA-318}: {Private Integrated Services Network}
                 ({PISN}) --- Use of {QSIG} at the {C} Reference Point
                 between a {PINX} and an Interconnecting Network",
  publisher =    pub-ECMA,
  address =      pub-ECMA:adr,
  month =        dec,
  year =         "2000",
  bibdate =      "Thu Feb 22 08:43:46 MST 2001",
  bibsource =    "http://www.ecma-international.org/publications/standards/Standard.htm",
  URL =          "http://www.ecma.ch/ecma1/STAND/ecma-318.htm",
  acknowledgement = ack-nhfb,
  ECMAnumber =   "ECMA-318",
}

@Book{ECMA-319,
  author =       "{ECMA}",
  title =        "{ECMA-319}: Data Interchange on 12,7 mm --- 384-Track
                 Magnetic Tape Cartridges --- {Ultrium-1} Format",
  publisher =    pub-ECMA,
  address =      pub-ECMA:adr,
  month =        jun,
  year =         "2001",
  bibdate =      "Mon May 16 06:24:46 2005",
  bibsource =    "http://www.ecma-international.org/publications/standards/Standard.htm",
  URL =          "http://www.ecma.ch/ecma1/STAND/ecma-319.htm",
  acknowledgement = ack-nhfb,
  ECMAnumber =   "ECMA-319",
  remark =       "Also ISO/IEC 22050.",
}

@Book{ECMA-320,
  author =       "{ECMA}",
  title =        "{ECMA-320}: Data Interchange on 12,7 mm --- 448-Track
                 Magnetic Tape Cartridges --- {SDLT1} Format",
  publisher =    pub-ECMA,
  address =      pub-ECMA:adr,
  month =        jun,
  year =         "2001",
  bibdate =      "Mon May 16 06:24:46 2005",
  bibsource =    "http://www.ecma-international.org/publications/standards/Standard.htm",
  URL =          "http://www.ecma.ch/ecma1/STAND/ecma-320.htm",
  acknowledgement = ack-nhfb,
  ECMAnumber =   "ECMA-320",
  remark =       "Also ISO/IEC 22051.",
}

@Book{ECMA-321,
  author =       "{ECMA}",
  title =        "{ECMA-321}: Streaming Lossless Data Compression
                 Algorithm --- ({SLDC})",
  publisher =    pub-ECMA,
  address =      pub-ECMA:adr,
  month =        jun,
  year =         "2001",
  bibdate =      "Mon May 16 06:24:46 2005",
  bibsource =    "http://www.ecma-international.org/publications/standards/Standard.htm",
  URL =          "http://www.ecma.ch/ecma1/STAND/ecma-321.htm",
  acknowledgement = ack-nhfb,
  ECMAnumber =   "ECMA-321",
  remark =       "Also ISO/IEC 22091.",
}

@Book{ECMA-322,
  author =       "{ECMA}",
  title =        "{ECMA-322}: Data Interchange on 130 mm Magneto-Optical
                 Disk Cartridges --- Capacity: 9,1 Gbytes per
                 Cartridge",
  publisher =    pub-ECMA,
  address =      pub-ECMA:adr,
  month =        jun,
  year =         "2001",
  bibdate =      "Mon May 16 06:24:46 2005",
  bibsource =    "http://www.ecma-international.org/publications/standards/Standard.htm",
  URL =          "http://www.ecma.ch/ecma1/STAND/ecma-322.htm",
  acknowledgement = ack-nhfb,
  ECMAnumber =   "ECMA-322",
  remark =       "Also ISO/IEC 22092.",
}

@Book{ECMA-323,
  author =       "{ECMA}",
  title =        "{ECMA-323}: {XML} Protocol for {Computer Supported
                 Telecommunications Applications (CSTA) Phase III}",
  publisher =    pub-ECMA,
  address =      pub-ECMA:adr,
  edition =      "Third",
  month =        jun,
  year =         "2004",
  bibdate =      "Mon May 16 06:24:46 2005",
  bibsource =    "http://www.ecma-international.org/publications/standards/Standard.htm",
  URL =          "http://www.ecma.ch/ecma1/STAND/ecma-323.htm",
  acknowledgement = ack-nhfb,
  ECMAnumber =   "ECMA-323",
  remark =       "Also ISO/IEC 18056.",
}

@Book{ECMA-324,
  author =       "{ECMA}",
  title =        "{ECMA-324}: {Private Integrated Services Network
                 (PISN) --- Specification, Functional Model and
                 Information Flows --- Short Message Service (SMSSD)}",
  publisher =    pub-ECMA,
  address =      pub-ECMA:adr,
  month =        jun,
  year =         "2001",
  bibdate =      "Mon May 16 06:24:46 2005",
  bibsource =    "http://www.ecma-international.org/publications/standards/Standard.htm",
  URL =          "http://www.ecma.ch/ecma1/STAND/ecma-324.htm",
  acknowledgement = ack-nhfb,
  ECMAnumber =   "ECMA-324",
  remark =       "Also ISO/IEC 21989 and TS 101 990.",
}

@Book{ECMA-325,
  author =       "{ECMA}",
  title =        "{ECMA-325}: {Private Integrated Services Network
                 (PISN) --- Inter-Exchange Signalling Protocol --- Short
                 Message Service (QSIG-SMS)}",
  publisher =    pub-ECMA,
  address =      pub-ECMA:adr,
  month =        jun,
  year =         "2001",
  bibdate =      "Mon May 16 06:24:46 2005",
  bibsource =    "http://www.ecma-international.org/publications/standards/Standard.htm",
  URL =          "http://www.ecma.ch/ecma1/STAND/ecma-325.htm",
  acknowledgement = ack-nhfb,
  ECMAnumber =   "ECMA-325",
  remark =       "Also ISO/IEC 21990 and TS 101 991.",
}

@Book{ECMA-326,
  author =       "{ECMA}",
  title =        "{ECMA-326}: {Corporate Telecommunication Networks ---
                 Signalling Interworking between QSIG and H.323 --- Call
                 Completion Supplementary Services}",
  publisher =    pub-ECMA,
  address =      pub-ECMA:adr,
  month =        jun,
  year =         "2001",
  bibdate =      "Mon May 16 06:24:46 2005",
  bibsource =    "http://www.ecma-international.org/publications/standards/Standard.htm",
  URL =          "http://www.ecma.ch/ecma1/STAND/ecma-326.htm",
  acknowledgement = ack-nhfb,
  ECMAnumber =   "ECMA-326",
  remark =       "Also ISO/IEC 21991 and TS 101 989.",
}

@Book{ECMA-327,
  author =       "{ECMA}",
  title =        "{ECMA-327}: {ECMAScript 3}: Compact Profile",
  publisher =    pub-ECMA,
  address =      pub-ECMA:adr,
  edition =      "Third",
  month =        jun,
  year =         "2001",
  bibdate =      "Mon May 16 06:24:46 2005",
  bibsource =    "http://www.ecma-international.org/publications/standards/Standard.htm",
  URL =          "http://www.ecma.ch/ecma1/STAND/ecma-327.htm",
  acknowledgement = ack-nhfb,
  ECMAnumber =   "ECMA-327",
}

@Book{ECMA-328,
  author =       "{ECMA}",
  title =        "{ECMA-328}: Detection and Measurement of Chemical
                 Emissions from Electronic Equipment",
  publisher =    pub-ECMA,
  address =      pub-ECMA:adr,
  month =        jun,
  year =         "2001",
  bibdate =      "Mon May 16 06:24:46 2005",
  bibsource =    "http://www.ecma-international.org/publications/standards/Standard.htm",
  URL =          "http://www.ecma.ch/ecma1/STAND/ecma-328.htm",
  acknowledgement = ack-nhfb,
  ECMAnumber =   "ECMA-328",
}

@Book{ECMA-329,
  author =       "{ECMA}",
  title =        "{ECMA-329}: {8 mm Wide Magnetic Tape Cartridge for
                 Information Interchange --- Helical Scan Recording ---
                 AIT-3 Format}",
  publisher =    pub-ECMA,
  address =      pub-ECMA:adr,
  month =        dec,
  year =         "2001",
  bibdate =      "Mon May 16 06:24:46 2005",
  bibsource =    "http://www.ecma-international.org/publications/standards/Standard.htm",
  URL =          "http://www.ecma.ch/ecma1/STAND/ecma-329.htm",
  acknowledgement = ack-nhfb,
  ECMAnumber =   "ECMA-329",
  remark =       "Also ISO/IEC 23651.",
}

@Book{ECMA-330,
  author =       "{ECMA}",
  title =        "{ECMA-330}: {120 mm (4,7 Gbytes per side) and 80 mm
                 (1,46 Gbytes per side) DVD Rewritable Disk (DVD-RAM)}",
  publisher =    pub-ECMA,
  address =      pub-ECMA:adr,
  edition =      "Second",
  month =        jun,
  year =         "2002",
  bibdate =      "Mon May 16 06:24:46 2005",
  bibsource =    "http://www.ecma-international.org/publications/standards/Standard.htm",
  note =         "Also ISO/IEC 17592.",
  URL =          "http://www.ecma.ch/ecma1/STAND/ecma-330.htm",
  acknowledgement = ack-nhfb,
  ECMAnumber =   "ECMA-330",
}

@Book{ECMA-331,
  author =       "{ECMA}",
  title =        "{ECMA-331}: Case for 120 mm and 80 mm {DVD}-{RAM}
                 Disks",
  publisher =    pub-ECMA,
  address =      pub-ECMA:adr,
  edition =      "Also ISO/IEC 17594.",
  month =        jun,
  year =         "2004",
  bibdate =      "Mon May 16 06:24:46 2005",
  bibsource =    "http://www.ecma-international.org/publications/standards/Standard.htm",
  URL =          "http://www.ecma.ch/ecma1/STAND/ecma-331.htm",
  acknowledgement = ack-nhfb,
  ECMAnumber =   "ECMA-331",
}

@Book{ECMA-332,
  author =       "{ECMA}",
  title =        "{ECMA-332}: {Corporate Telecommunication Networks ---
                 Signalling Interworking between QSIG and H.323 ---
                 Basic Services}",
  publisher =    pub-ECMA,
  address =      pub-ECMA:adr,
  month =        dec,
  year =         "2001",
  bibdate =      "Mon May 16 06:24:46 2005",
  bibsource =    "http://www.ecma-international.org/publications/standards/Standard.htm",
  URL =          "http://www.ecma.ch/ecma1/STAND/ecma-332.htm",
  acknowledgement = ack-nhfb,
  ECMAnumber =   "ECMA-332",
  remark =       "Also ISO/IEC 23289 and TS 102 036.",
}

@Book{ECMA-333,
  author =       "{ECMA}",
  title =        "{ECMA-333}: {Private Integrated Services Network
                 (PISN) --- Mapping Functions for the Tunnelling of QSIG
                 through H.323 Networks}",
  publisher =    pub-ECMA,
  address =      pub-ECMA:adr,
  edition =      "Second",
  month =        dec,
  year =         "2003",
  bibdate =      "Mon May 16 06:24:46 2005",
  bibsource =    "http://www.ecma-international.org/publications/standards/Standard.htm",
  URL =          "http://www.ecma.ch/ecma1/STAND/ecma-333.htm",
  acknowledgement = ack-nhfb,
  ECMAnumber =   "ECMA-333",
  remark =       "Also ISO/IEC 23290 and TS 102 037.",
}

@Book{ECMA-334-1,
  author =       "{ECMA}",
  title =        "{ECMA-334}: {C\#} Language Specification",
  publisher =    pub-ECMA,
  address =      pub-ECMA:adr,
  pages =        "xiii + 479",
  month =        dec,
  year =         "2001",
  ISBN =         "????",
  LCCN =         "????",
  bibdate =      "Sat May 14 22:54:18 2005",
  URL =          "http://www.ecma-international.org/publications/standards/Ecma-334.htm;
                 http://www.ecma-international.org/publications/files/ecma-st/ECMA-334.pdf",
  acknowledgement = ack-nhfb,
  remark =       "Also ISO/IEC 23270.",
}

@Book{ECMA-334-2,
  author =       "{ECMA}",
  title =        "{ECMA-334}: {C\#} Language Specification",
  publisher =    pub-ECMA,
  address =      pub-ECMA:adr,
  edition =      "Second",
  pages =        "xiv + 471",
  month =        dec,
  year =         "2002",
  ISBN =         "????",
  LCCN =         "????",
  bibdate =      "Sat May 14 22:54:18 2005",
  URL =          "http://www.ecma-international.org/publications/standards/Ecma-334.htm;
                 http://www.ecma-international.org/publications/files/ecma-st/ECMA-334.pdf",
  acknowledgement = ack-nhfb,
  remark =       "Also ISO/IEC 23270.",
}

@Book{ECMA-334-3,
  author =       "{ECMA}",
  title =        "{ECMA-334}: {C\#} Language Specification",
  publisher =    pub-ECMA,
  address =      pub-ECMA:adr,
  edition =      "Third",
  pages =        "xvii + 523",
  month =        jun,
  year =         "2005",
  ISBN =         "????",
  LCCN =         "????",
  bibdate =      "Sat May 14 22:54:18 2005",
  URL =          "http://www.ecma-international.org/publications/standards/Ecma-334.htm;
                 http://www.ecma-international.org/publications/files/ecma-st/ECMA-334.pdf",
  acknowledgement = ack-nhfb,
  remark =       "Also ISO/IEC 23270.",
}

@Book{ECMA-334-4,
  author =       "{ECMA}",
  title =        "{ECMA-334}: {C\#} Language Specification",
  publisher =    pub-ECMA,
  address =      pub-ECMA:adr,
  edition =      "Fourth",
  pages =        "xix + 531",
  month =        jun,
  year =         "2006",
  ISBN =         "????",
  LCCN =         "????",
  bibdate =      "Sat May 14 22:54:18 2005",
  URL =          "http://www.ecma-international.org/publications/standards/Ecma-334.htm;
                 http://www.ecma-international.org/publications/files/ecma-st/ECMA-334.pdf",
  acknowledgement = ack-nhfb,
  remark =       "Also ISO/IEC 23270.",
}

@Book{ECMA-335-1,
  author =       "{ECMA}",
  title =        "{ECMA-335}: {Common Language Infrastructure (CLI)}",
  publisher =    pub-ECMA,
  address =      pub-ECMA:adr,
  month =        dec,
  year =         "2001",
  pages =        "xiii + 479",
  bibdate =      "Sat May 08 07:36:41 2010",
  bibsource =    "http://www.ecma-international.org/publications/standards/Standard.htm",
  URL =          "http://www.ecma.ch/ecma1/STAND/ecma-335.htm",
  acknowledgement = ack-nhfb,
  ECMAnumber =   "ECMA-335",
  remark =       "Also ISO/IEC 23271.",
}

@Book{ECMA-335-2,
  author =       "{ECMA}",
  title =        "{ECMA-335}: {Common Language Infrastructure (CLI)}",
  publisher =    pub-ECMA,
  address =      pub-ECMA:adr,
  edition =      "Second",
  pages =        "iv + 99 (Part I), vii + 164 (Part II), iv + 124 (Part
                 III), i + 16 (Part IV), ii + 78 (Part V)",
  month =        dec,
  year =         "2002",
  bibdate =      "Mon May 16 06:24:46 2005",
  bibsource =    "http://www.ecma-international.org/publications/standards/Standard.htm",
  URL =          "http://www.ecma.ch/ecma1/STAND/ecma-335.htm;
                 http://www.ecma-international.org/publications/files/ECMA-ST/Ecma-335.pdf;
                 http://www.ecma-international.org/publications/files/ECMA-ST/Ecma-335-xml.zip",
  acknowledgement = ack-nhfb,
  ECMAnumber =   "ECMA-335",
  remark =       "Also ISO/IEC 23271.",
}

@Book{ECMA-335-3,
  author =       "{ECMA}",
  title =        "{ECMA-335}: {Common Language Infrastructure (CLI)}",
  publisher =    pub-ECMA,
  address =      pub-ECMA:adr,
  edition =      "Third",
  pages =        "viii + 104 (Part I), viii + 192 (Part II), iv + 138
                 (Part III), ii + 20 (Part IV), i + 4 (Part V), ii + 60
                 (Part VI)",
  month =        jun,
  year =         "2005",
  bibdate =      "Thu Apr 20 10:08:14 2006",
  bibsource =    "http://www.ecma-international.org/publications/standards/Standard.htm",
  URL =          "http://www.ecma.ch/ecma1/STAND/ecma-335.htm;
                 http://www.ecma-international.org/publications/files/ECMA-ST/Ecma-335.pdf;
                 http://www.ecma-international.org/publications/files/ECMA-ST/Ecma-335-xml.zip",
  acknowledgement = ack-nhfb,
  ECMAnumber =   "ECMA-335",
  remark =       "Also ISO/IEC 23271.",
}

@Book{ECMA-335-4,
  author =       "{ECMA}",
  title =        "{ECMA-335}: {Common Language Infrastructure (CLI)}",
  publisher =    pub-ECMA,
  address =      pub-ECMA:adr,
  edition =      "Fourth",
  pages =        "vii + 104 (Part I), viii + 191 (Part II), iv + 138
                 (Part III), ii + 20 (Part IV), i + 4 (Part V), ii + 57
                 (Part VI)",
  month =        jun,
  year =         "2006",
  bibdate =      "Sat May 08 07:44:58 2010",
  bibsource =    "http://www.ecma-international.org/publications/standards/Standard.htm",
  URL =          "http://www.ecma-international.org/publications/standards/Ecma-335.htm;
                 http://www.ecma-international.org/publications/files/ECMA-ST/Ecma-335.pdf;
                 http://www.ecma-international.org/publications/files/ECMA-ST/ECMA-335.zip",
  acknowledgement = ack-nhfb,
  ECMAnumber =   "ECMA-335",
  remark =       "Also ISO/IEC 23271-2006.",
}

@Book{ECMA-336,
  author =       "{ECMA}",
  title =        "{ECMA-336}: {Private Integrated Services Network
                 (PISN) --- Mapping Functions for the Tunnelling of QSIG
                 through IP Networks (Mapping/IP-QSIG)}",
  publisher =    pub-ECMA,
  address =      pub-ECMA:adr,
  month =        jun,
  year =         "2002",
  bibdate =      "Mon May 16 06:24:46 2005",
  bibsource =    "http://www.ecma-international.org/publications/standards/Standard.htm",
  URL =          "http://www.ecma.ch/ecma1/STAND/ecma-336.htm",
  acknowledgement = ack-nhfb,
  ECMAnumber =   "ECMA-336",
  remark =       "Also ISO/IEC 21992 and TS 102 075.",
}

@Book{ECMA-337,
  author =       "{ECMA}",
  title =        "{ECMA-337}: {Data Interchange on 120 mm and 80 mm ---
                 Optical Disk using +RW Format --- Capacity: 4,7 and
                 1,46 Gbytes per side (Recording speed up to 4X)}",
  publisher =    pub-ECMA,
  address =      pub-ECMA:adr,
  edition =      "Second",
  month =        dec,
  year =         "2003",
  bibdate =      "Mon May 16 06:24:46 2005",
  bibsource =    "http://www.ecma-international.org/publications/standards/Standard.htm",
  URL =          "http://www.ecma.ch/ecma1/STAND/ecma-337.htm",
  acknowledgement = ack-nhfb,
  ECMAnumber =   "ECMA-337",
  remark =       "Also ISO/IEC 17341.",
}

@Book{ECMA-338,
  author =       "{ECMA}",
  title =        "{ECMA-338}: {80 mm (1,46 Gbytes per side) and 120 mm
                 (4,70 Gbytes per side) DVD Re-recordable Disk
                 (DVD-RW)}",
  publisher =    pub-ECMA,
  address =      pub-ECMA:adr,
  month =        dec,
  year =         "2003",
  bibdate =      "Mon May 16 06:24:46 2005",
  bibsource =    "http://www.ecma-international.org/publications/standards/Standard.htm",
  URL =          "http://www.ecma.ch/ecma1/STAND/ecma-338.htm",
  acknowledgement = ack-nhfb,
  ECMAnumber =   "ECMA-338",
  remark =       "Also ISO/IEC 17342.",
}

@Book{ECMA-339,
  author =       "{ECMA}",
  title =        "{ECMA-339}: {Corporate Telecommunication Networks ---
                 Signalling Interworking between QSIG and SIP --- Basic
                 Services}",
  publisher =    pub-ECMA,
  address =      pub-ECMA:adr,
  month =        dec,
  year =         "2002",
  bibdate =      "Mon May 16 06:24:46 2005",
  bibsource =    "http://www.ecma-international.org/publications/standards/Standard.htm",
  URL =          "http://www.ecma.ch/ecma1/STAND/ecma-339.htm",
  acknowledgement = ack-nhfb,
  ECMAnumber =   "ECMA-339",
  remark =       "Also ISO/IEC 17343 and TS 102 166.",
}

@Book{ECMA-340,
  author =       "{ECMA}",
  title =        "{ECMA-340}: {Near Field Communication --- Interface
                 and Protocol (NFCIP-1)}",
  publisher =    pub-ECMA,
  address =      pub-ECMA:adr,
  month =        dec,
  year =         "2004",
  bibdate =      "Mon May 16 06:24:46 2005",
  bibsource =    "http://www.ecma-international.org/publications/standards/Standard.htm",
  URL =          "http://www.ecma.ch/ecma1/STAND/ecma-340.htm",
  acknowledgement = ack-nhfb,
  ECMAnumber =   "ECMA-340",
  remark =       "Also ISO/IEC 18092 and TS 102 190.",
}

@Book{ECMA-341,
  author =       "{ECMA}",
  title =        "{ECMA-341}: Environmental design considerations for
                 electronic products",
  publisher =    pub-ECMA,
  address =      pub-ECMA:adr,
  edition =      "Second",
  month =        dec,
  year =         "2004",
  bibdate =      "Mon May 16 06:24:46 2005",
  bibsource =    "http://www.ecma-international.org/publications/standards/Standard.htm",
  URL =          "http://www.ecma.ch/ecma1/STAND/ecma-341.htm",
  acknowledgement = ack-nhfb,
  ECMAnumber =   "ECMA-341",
}

@Book{ECMA-342,
  author =       "{ECMA}",
  title =        "{ECMA-342}: {RapidIO} Interconnect Systems",
  publisher =    pub-ECMA,
  address =      pub-ECMA:adr,
  month =        dec,
  year =         "2002",
  bibdate =      "Mon May 16 06:24:46 2005",
  bibsource =    "http://www.ecma-international.org/publications/standards/Standard.htm",
  URL =          "http://www.ecma.ch/ecma1/STAND/ecma-342.htm",
  acknowledgement = ack-nhfb,
  ECMAnumber =   "ECMA-342",
  remark =       "Also ISO/IEC 18372.",
}

@Book{ECMA-343,
  author =       "{ECMA}",
  title =        "{ECMA-343}: {Private Integrated Services Network
                 (PISN) --- Specification, Functional Model and
                 Information Flows --- Make Call Request Supplementary
                 Service (MCRSD)}",
  publisher =    pub-ECMA,
  address =      pub-ECMA:adr,
  month =        jun,
  year =         "2003",
  bibdate =      "Mon May 16 06:24:46 2005",
  bibsource =    "http://www.ecma-international.org/publications/standards/Standard.htm",
  URL =          "http://www.ecma.ch/ecma1/STAND/ecma-343.htm",
  acknowledgement = ack-nhfb,
  ECMAnumber =   "ECMA-343",
  remark =       "Also ISO/IEC 20113 and TS 102 253.",
}

@Book{ECMA-344,
  author =       "{ECMA}",
  title =        "{ECMA-344}: {Private Integrated Services Network
                 (PISN) --- Inter-Exchange Signalling Protocol --- Make
                 Call Request Supplementary Service (QSIG-MCR)}",
  publisher =    pub-ECMA,
  address =      pub-ECMA:adr,
  month =        jun,
  year =         "2003",
  bibdate =      "Mon May 16 06:24:46 2005",
  bibsource =    "http://www.ecma-international.org/publications/standards/Standard.htm",
  URL =          "http://www.ecma.ch/ecma1/STAND/ecma-344.htm",
  acknowledgement = ack-nhfb,
  ECMAnumber =   "ECMA-344",
  remark =       "Also ISO/IEC 20114 and TS 102 254.",
}

@Book{ECMA-345,
  author =       "{ECMA}",
  title =        "{ECMA-345}: Private Integrated Services Network
                 ({PISN}) --- Use of {QSIG} for Message Centre Access
                 ({MCA}) Profile Standard",
  publisher =    pub-ECMA,
  address =      pub-ECMA:adr,
  month =        jun,
  year =         "2003",
  bibdate =      "Mon May 16 06:24:46 2005",
  bibsource =    "http://www.ecma-international.org/publications/standards/Standard.htm",
  URL =          "http://www.ecma.ch/ecma1/STAND/ecma-345.htm",
  acknowledgement = ack-nhfb,
  ECMAnumber =   "ECMA-345",
  remark =       "Also ISO/IEC 20115 and TS 102 255.",
}

@Book{ECMA-346,
  author =       "{ECMA}",
  title =        "{ECMA-346}: {Private Integrated Services Network
                 (PISN) --- Specification, Functional Model and
                 Information Flows --- Message Centre Monitoring and
                 Mailbox Identification Supplementary Services (MCM-SD /
                 MID-SD)}",
  publisher =    pub-ECMA,
  address =      pub-ECMA:adr,
  month =        jun,
  year =         "2003",
  bibdate =      "Mon May 16 06:24:46 2005",
  bibsource =    "http://www.ecma-international.org/publications/standards/Standard.htm",
  URL =          "http://www.ecma.ch/ecma1/STAND/ecma-346.htm",
  acknowledgement = ack-nhfb,
  ECMAnumber =   "ECMA-346",
  remark =       "Also ISO/IEC 20116 and TS 102 256.",
}

@Book{ECMA-347,
  author =       "{ECMA}",
  title =        "{ECMA-347}: {Private Integrated Services Network
                 (PISN) --- Inter-Exchange Signalling Protocol ---
                 Message Centre Monitoring and Mailbox Identification
                 Supplementary Services (QSIG-MCM / QSIG-MID)}",
  publisher =    pub-ECMA,
  address =      pub-ECMA:adr,
  month =        jun,
  year =         "2003",
  bibdate =      "Mon May 16 06:24:46 2005",
  bibsource =    "http://www.ecma-international.org/publications/standards/Standard.htm",
  URL =          "http://www.ecma.ch/ecma1/STAND/ecma-347.htm",
  acknowledgement = ack-nhfb,
  ECMAnumber =   "ECMA-347",
  remark =       "Also ISO/IEC 20117 and TS 102 257.",
}

@Book{ECMA-348,
  author =       "{ECMA}",
  title =        "{ECMA-348}: {Web Services Description Language (WSDL)
                 for CSTA Phase III}",
  publisher =    pub-ECMA,
  address =      pub-ECMA:adr,
  edition =      "Second",
  month =        jun,
  year =         "2004",
  bibdate =      "Mon May 16 06:24:46 2005",
  bibsource =    "http://www.ecma-international.org/publications/standards/Standard.htm",
  URL =          "http://www.ecma.ch/ecma1/STAND/ecma-348.htm",
  acknowledgement = ack-nhfb,
  ECMAnumber =   "ECMA-348",
}

@Book{ECMA-349,
  author =       "{ECMA}",
  title =        "{ECMA-349}: {Data Interchange on 120 mm and 80 mm
                 Optical Disk using +R Format --- Capacity: 4,7 and 1,46
                 Gbytes per Side (Recording speed up to 8X)}",
  publisher =    pub-ECMA,
  address =      pub-ECMA:adr,
  edition =      "Second",
  month =        jun,
  year =         "2004",
  bibdate =      "Mon May 16 06:24:46 2005",
  bibsource =    "http://www.ecma-international.org/publications/standards/Standard.htm",
  URL =          "http://www.ecma.ch/ecma1/STAND/ecma-349.htm",
  acknowledgement = ack-nhfb,
  ECMAnumber =   "ECMA-349",
  remark =       "Also ISO/IEC 17344.",
}

@Book{ECMA-350,
  author =       "{ECMA}",
  title =        "{ECMA-350}: {Data Interchange on 130 mm Rewritable and
                 Write Once Read Many Ultra Density Optical (UDO) Disk
                 Cartridges --- Capacity: 30 Gbytes per Cartridge ---
                 First Generation}",
  publisher =    pub-ECMA,
  address =      pub-ECMA:adr,
  month =        dec,
  year =         "2003",
  bibdate =      "Mon May 16 06:24:46 2005",
  bibsource =    "http://www.ecma-international.org/publications/standards/Standard.htm",
  URL =          "http://www.ecma.ch/ecma1/STAND/ecma-350.htm",
  acknowledgement = ack-nhfb,
  ECMAnumber =   "ECMA-350",
  remark =       "Also ISO/IEC 17345.",
}

@Book{ECMA-351,
  author =       "{ECMA}",
  title =        "{ECMA-351}: {Data Interchange on 90 mm Optical Disk
                 Cartridges --- Capacity: 1,3 Gbytes per Cartridge}",
  publisher =    pub-ECMA,
  address =      pub-ECMA:adr,
  month =        dec,
  year =         "2003",
  bibdate =      "Mon May 16 06:24:46 2005",
  bibsource =    "http://www.ecma-international.org/publications/standards/Standard.htm",
  URL =          "http://www.ecma.ch/ecma1/STAND/ecma-351.htm",
  acknowledgement = ack-nhfb,
  ECMAnumber =   "ECMA-351",
  remark =       "Also ISO/IEC 17346.",
}

@Book{ECMA-352,
  author =       "{ECMA}",
  title =        "{ECMA-352}: {Near Field Communication Interface and
                 Protocol-2 (NFCIP-2)}",
  publisher =    pub-ECMA,
  address =      pub-ECMA:adr,
  month =        dec,
  year =         "2003",
  bibdate =      "Mon May 16 06:24:46 2005",
  bibsource =    "http://www.ecma-international.org/publications/standards/Standard.htm",
  URL =          "http://www.ecma.ch/ecma1/STAND/ecma-352.htm",
  acknowledgement = ack-nhfb,
  ECMAnumber =   "ECMA-352",
  remark =       "Also ISO/IEC 21481 and TS 102 312.",
}

@Book{ECMA-353,
  author =       "{ECMA}",
  title =        "{ECMA-353}: {Data Interchange on 90 mm Optical Disk
                 Cartridges --- Capacity 2,3 Gbytes per Cartridge}",
  publisher =    pub-ECMA,
  address =      pub-ECMA:adr,
  month =        jun,
  year =         "2004",
  bibdate =      "Mon May 16 06:24:46 2005",
  bibsource =    "http://www.ecma-international.org/publications/standards/Standard.htm",
  URL =          "http://www.ecma.ch/ecma1/STAND/ecma-353.htm",
  acknowledgement = ack-nhfb,
  ECMAnumber =   "ECMA-353",
  remark =       "Also ISO/IEC DIS 22533.",
}

@Book{ECMA-354,
  author =       "{ECMA}",
  title =        "{ECMA-354}: {Application Session Services}",
  publisher =    pub-ECMA,
  address =      pub-ECMA:adr,
  month =        jun,
  year =         "2004",
  bibdate =      "Mon May 16 06:24:46 2005",
  bibsource =    "http://www.ecma-international.org/publications/standards/Standard.htm",
  URL =          "http://www.ecma.ch/ecma1/STAND/ecma-354.htm",
  acknowledgement = ack-nhfb,
  ECMAnumber =   "ECMA-354",
  remark =       "Also ISO/IEC DIS 22534 and TS 102 344.",
}

@Book{ECMA-355,
  author =       "{ECMA}",
  title =        "{ECMA-355}: {Corporate Telecommunication Networks ---
                 Tunnelling of QSIG over SIP}",
  publisher =    pub-ECMA,
  address =      pub-ECMA:adr,
  month =        jun,
  year =         "2004",
  bibdate =      "Mon May 16 06:24:46 2005",
  bibsource =    "http://www.ecma-international.org/publications/standards/Standard.htm",
  URL =          "http://www.ecma.ch/ecma1/STAND/ecma-355.htm",
  acknowledgement = ack-nhfb,
  ECMAnumber =   "ECMA-355",
  remark =       "Also ISO/IEC DIS 22535 and TS 102 345.",
}

@Book{ECMA-356,
  author =       "{ECMA}",
  title =        "{ECMA-356}: {NFCIP-1 --- RF Interface Test Methods}",
  publisher =    pub-ECMA,
  address =      pub-ECMA:adr,
  month =        jun,
  year =         "2004",
  bibdate =      "Mon May 16 06:24:46 2005",
  bibsource =    "http://www.ecma-international.org/publications/standards/Standard.htm",
  URL =          "http://www.ecma.ch/ecma1/STAND/ecma-356.htm",
  acknowledgement = ack-nhfb,
  ECMAnumber =   "ECMA-356",
  remark =       "Also ISO/IEC DIS 22536 and TS 102 346.",
}

@Book{ECMA-357,
  author =       "{ECMA}",
  title =        "{ECMA-357}: {ECMAScript for XML (E4X) Specification}",
  publisher =    pub-ECMA,
  address =      pub-ECMA:adr,
  month =        jun,
  year =         "2004",
  bibdate =      "Mon May 16 06:24:46 2005",
  bibsource =    "http://www.ecma-international.org/publications/standards/Standard.htm",
  URL =          "http://www.ecma.ch/ecma1/STAND/ecma-357.htm",
  acknowledgement = ack-nhfb,
  ECMAnumber =   "ECMA-357",
  remark =       "Also ISO/IEC DIS 22537.",
}

@Book{ECMA-358,
  author =       "{ECMA}",
  title =        "{ECMA-358}: {ICT Product Radiated Emissions: 1--6
                 GHz}",
  publisher =    pub-ECMA,
  address =      pub-ECMA:adr,
  month =        dec,
  year =         "2004",
  bibdate =      "Mon May 16 06:24:46 2005",
  bibsource =    "http://www.ecma-international.org/publications/standards/Standard.htm",
  URL =          "http://www.ecma.ch/ecma1/STAND/ecma-358.htm",
  acknowledgement = ack-nhfb,
  ECMAnumber =   "ECMA-358",
}

@Book{ECMA-359,
  author =       "{ECMA}",
  title =        "{ECMA-359}: {80 mm (1,46 Gbytes per side) and 120 mm
                 (4,70 Gbytes per side) DVD Recordable Disk (DVD-R)}",
  publisher =    pub-ECMA,
  address =      pub-ECMA:adr,
  month =        dec,
  year =         "2004",
  bibdate =      "Mon May 16 06:24:46 2005",
  bibsource =    "http://www.ecma-international.org/publications/standards/Standard.htm",
  URL =          "http://www.ecma.ch/ecma1/STAND/ecma-359.htm",
  acknowledgement = ack-nhfb,
  ECMAnumber =   "ECMA-359",
  remark =       "Also ISO/IEC DIS 23912.",
}

@Book{ECMA-360,
  author =       "{ECMA}",
  title =        "{ECMA-360}: {Corporate telecommunication networks ---
                 Signalling interworking between QSIG and SIP --- Call
                 diversion}",
  publisher =    pub-ECMA,
  address =      pub-ECMA:adr,
  month =        dec,
  year =         "2004",
  bibdate =      "Mon May 16 06:24:46 2005",
  bibsource =    "http://www.ecma-international.org/publications/standards/Standard.htm",
  URL =          "http://www.ecma.ch/ecma1/STAND/ecma-360.htm",
  acknowledgement = ack-nhfb,
  ECMAnumber =   "ECMA-360",
  remark =       "Also ISO/IEC DIS 23915 and TS 102 393.",
}

@Book{ECMA-361,
  author =       "{ECMA}",
  title =        "{ECMA-361}: {Corporate telecommunication networks ---
                 Signalling interworking between QSIG and SIP --- Call
                 transfer}",
  publisher =    pub-ECMA,
  address =      pub-ECMA:adr,
  month =        dec,
  year =         "2004",
  bibdate =      "Mon May 16 06:24:46 2005",
  bibsource =    "http://www.ecma-international.org/publications/standards/Standard.htm",
  URL =          "http://www.ecma.ch/ecma1/STAND/ecma-361.htm",
  acknowledgement = ack-nhfb,
  ECMAnumber =   "ECMA-361",
  remark =       "Also ISO/IEC DIS 23916 and TS 102 392.",
}

@Book{ECMA-362,
  author =       "{ECMA}",
  title =        "{ECMA-362}: {NFCIP-1 --- Protocol Test Methods}",
  publisher =    pub-ECMA,
  address =      pub-ECMA:adr,
  month =        dec,
  year =         "2004",
  bibdate =      "Mon May 16 06:24:46 2005",
  bibsource =    "http://www.ecma-international.org/publications/standards/Standard.htm",
  URL =          "http://www.ecma.ch/ecma1/STAND/ecma-362.htm",
  acknowledgement = ack-nhfb,
  ECMAnumber =   "ECMA-362",
  remark =       "Also ISO/IEC DIS 23917 and TS 102 394.",
}

@Book{ECMA-363,
  author =       "{ECMA}",
  title =        "{ECMA-363}: {Universal $3$D File Format}",
  publisher =    pub-ECMA,
  address =      pub-ECMA:adr,
  month =        dec,
  year =         "2004",
  bibdate =      "Mon May 16 06:24:46 2005",
  bibsource =    "http://www.ecma-international.org/publications/standards/Standard.htm",
  URL =          "http://www.ecma.ch/ecma1/STAND/ecma-363.htm",
  acknowledgement = ack-nhfb,
  ECMAnumber =   "ECMA-363",
}

@Book{ECMA-364,
  author =       "{ECMA}",
  title =        "{ECMA-364}: Data interchange on 120 mm and 80 mm
                 optical disk using {+R DL} Format --- Capacity: 8,55
                 and 2,66 {Gbytes} per Side (Recording speed 2,4x)",
  publisher =    pub-ECMA,
  address =      pub-ECMA:adr,
  month =        jun,
  year =         "2005",
  bibdate =      "Thu Apr 20 09:46:29 2006",
  bibsource =    "http://www.ecma-international.org/publications/standards/Standard.htm",
  URL =          "http://www.ecma.ch/ecma1/STAND/ecma-364.htm;
                 http://www.ecma-international.org/publications/files/ECMA-ST/ECMA-364.pdf",
  acknowledgement = ack-nhfb,
  ECMAnumber =   "ECMA-364",
}

@Book{ECMA-365,
  author =       "{ECMA}",
  title =        "{ECMA-365}: Data Interchange on 60 mm Read-Only {ODC}
                 --- Capacity: 1,8 {Gbytes} ({UMDTM})",
  publisher =    pub-ECMA,
  address =      pub-ECMA:adr,
  month =        jun,
  year =         "2005",
  bibdate =      "Thu Apr 20 09:46:31 2006",
  bibsource =    "http://www.ecma-international.org/publications/standards/Standard.htm",
  URL =          "http://www.ecma.ch/ecma1/STAND/ecma-365.htm;
                 http://www.ecma-international.org/publications/files/ECMA-ST/ECMA-365.pdf",
  acknowledgement = ack-nhfb,
  ECMAnumber =   "ECMA-365",
}

@Book{ECMA-366,
  author =       "{ECMA}",
  title =        "{ECMA-366}: {WS-Session} --- {Web} Services for
                 {Application Session Services}",
  publisher =    pub-ECMA,
  address =      pub-ECMA:adr,
  month =        jun,
  year =         "2005",
  bibdate =      "Thu Apr 20 09:46:33 2006",
  bibsource =    "http://www.ecma-international.org/publications/standards/Standard.htm",
  URL =          "http://www.ecma.ch/ecma1/STAND/ecma-366.htm;
                 http://www.ecma-international.org/publications/files/ECMA-ST/Ecma-366.pdf;
                 http://www.ecma-international.org/publications/files/ECMA-ST/Ecma-366_ws-session.zip",
  acknowledgement = ack-nhfb,
  ECMAnumber =   "ECMA-366",
}

@Book{ECMA-367,
  author =       "{ECMA}",
  title =        "{ECMA-367}: {Eiffel} analysis, design and programming language",
  publisher =    pub-ECMA,
  address =      pub-ECMA:adr,
  month =        jun,
  year =         "2005",
  bibdate =      "Mon May 16 06:24:46 2005",
  bibsource =    "http://www.ecma-international.org/publications/standards/Standard.htm",
  URL =          "http://www.ecma-international.org/publications/standards/Ecma-367.htm;
                 http://www.ecma-international.org/publications/files/ECMA-ST/ECMA-367.pdf",
  acknowledgement = ack-nhfb,
  ECMAnumber =   "ECMA-367",
}

@Book{ECMA-368,
  author =       "{ECMA}",
  title =        "{ECMA-368}: High Rate Ultra Wideband {PHY} and {MAC}
                 Standard",
  publisher =    pub-ECMA,
  address =      pub-ECMA:adr,
  month =        jun,
  year =         "2005",
  bibdate =      "Thu Apr 20 09:51:17 2006",
  bibsource =    "http://www.ecma-international.org/publications/standards/Standard.htm;
                 http://www.ecma-international.org/publications/files/ECMA-ST/ECMA-368.pdf",
  URL =          "http://www.ecma.ch/ecma1/STAND/ecma-368.htm",
  acknowledgement = ack-nhfb,
  ECMAnumber =   "ECMA-368",
}

@Book{ECMA-369,
  author =       "{ECMA}",
  title =        "{ECMA-369}: {MAC--PHY} Interface for {ECMA-368}",
  publisher =    pub-ECMA,
  address =      pub-ECMA:adr,
  month =        jun,
  year =         "2005",
  bibdate =      "Thu Apr 20 09:51:16 2006",
  bibsource =    "http://www.ecma-international.org/publications/standards/Standard.htm",
  URL =          "http://www.ecma.ch/ecma1/STAND/ecma-369.htm;
                 http://www.ecma-international.org/publications/files/ECMA-ST/ECMA-369.pdf",
  acknowledgement = ack-nhfb,
  ECMAnumber =   "ECMA-369",
}

@Book{ECMA-370,
  author =       "{ECMA}",
  title =        "{ECMA-370}: {TED --- The Eco Declaration}",
  publisher =    pub-ECMA,
  address =      pub-ECMA:adr,
  month =        dec,
  year =         "2006",
  bibdate =      "Fri Apr 06 06:25:10 2007",
  bibsource =    "http://www.ecma-international.org/publications/standards/Standard.htm",
  URL =          "http://www.ecma.ch/ecma1/STAND/ecma-370.htm;
                 http://www.ecma-international.org/publications/files/ECMA-ST/ECMA-370.pdf",
  abstract =     "This Standard specifies environmental attributes and
                 measurement methods for ICT and CE products according
                 to known regulations, standards, guidelines and
                 currently accepted practices. The report is also
                 applicable to products used as subassemblies,
                 components, accessories and/or optional parts.",
  acknowledgement = ack-nhfb,
  ECMAnumber =   "ECMA-370",
}

@Book{ECMA-371,
  author =       "{ECMA}",
  title =        "{ECMA-371}: Data Interchange on 120 mm and 80 mm
                 optical disk using {+RW HS} Format -- Capacity: 4,7 and
                 1,46 {Gbytes} per side (recording speed 8x)",
  publisher =    pub-ECMA,
  address =      pub-ECMA:adr,
  month =        dec,
  year =         "2005",
  bibdate =      "Thu Apr 20 09:52:41 2006",
  bibsource =    "http://www.ecma-international.org/publications/standards/Standard.htm",
  URL =          "http://www.ecma.ch/ecma1/STAND/ecma-371.htm",
  acknowledgement = ack-nhfb,
  ECMAnumber =   "ECMA-371",
}

@Book{ECMA-372,
  author =       "{ECMA}",
  title =        "{ECMA-372}: {C++}\slash {CLI} Language Specification",
  publisher =    pub-ECMA,
  address =      pub-ECMA:adr,
  month =        dec,
  year =         "2005",
  bibdate =      "Thu Apr 20 09:52:32 2006",
  bibsource =    "http://www.ecma-international.org/publications/standards/Standard.htm",
  URL =          "http://www.ecma-international.org/publications/standards/Ecma-372.htm;
                 http://www.ecma-international.org/publications/files/ECMA-ST/ECMA-372.pdf",
  acknowledgement = ack-nhfb,
  ECMAnumber =   "ECMA-372",
}

@Book{ECMA-373,
  author =       "{ECMA}",
  title =        "{ECMA-373}: Near Field Communication Wired Interface (NFC?WI) ",
  publisher =    pub-ECMA,
  address =      pub-ECMA:adr,
  month =        jun,
  year =         "2006",
  bibdate =      "Mon Mar 12 16:45:14 2007",
  bibsource =    "http://www.ecma-international.org/publications/standards/Standard.htm",
  URL =          "http://www.ecma-international.org/publications/standards/Ecma-373.htm;
                 http://www.ecma-international.org/publications/files/ECMA-ST/ECMA-373.pdf",
  acknowledgement = ack-nhfb,
  ECMAnumber =   "ECMA-373",
}

@Book{ECMA-374,
  author =       "{ECMA}",
  title =        "{ECMA-374}: Data Interchange on 120 mm and 80 mm
                 Optical Disk using {+RW DL} Format --- Capacity: 8,55
                 and 2,66 {Gbytes} per Side (Recording speed 2,4x)",
  publisher =    pub-ECMA,
  address =      pub-ECMA:adr,
  month =        dec,
  year =         "2006",
  bibdate =      "Mon Mar 12 16:45:14 2007",
  bibsource =    "http://www.ecma-international.org/publications/standards/Standard.htm",
  URL =          "http://www.ecma-international.org/publications/standards/Ecma-374.htm;
                 http://www.ecma-international.org/publications/files/ECMA-ST/ECMA-374.pdf",
  acknowledgement = ack-nhfb,
  ECMAnumber =   "ECMA-374",
}

@Book{ECMA-375,
  author =       "{ECMA}",
  title =        "{ECMA-375}: Case for 120 mm {HVD-ROM} disk",
  publisher =    pub-ECMA,
  address =      pub-ECMA:adr,
  month =        dec,
  year =         "2006",
  bibdate =      "Mon Mar 12 16:45:14 2007",
  bibsource =    "http://www.ecma-international.org/publications/standards/Standard.htm",
  URL =          "http://www.ecma-international.org/publications/standards/Ecma-375.htm;
                 http://www.ecma-international.org/publications/files/ECMA-ST/ECMA-375.pdf",
  acknowledgement = ack-nhfb,
  ECMAnumber =   "ECMA-375",
}

@Book{ECMA-376,
  author =       "{ECMA}",
  title =        "{ECMA-376}: {Office Open XML} File Formats",
  publisher =    pub-ECMA,
  address =      pub-ECMA:adr,
  month =        dec,
  year =         "2006",
  bibdate =      "Fri Apr 06 06:16:48 2007",
  bibsource =    "http://www.ecma-international.org/publications/standards/Standard.htm",
  URL =          "http://www.ecma-international.org/publications/standards/Ecma-376.htm;
                 http://www.ecma-international.org/news/TC45_current_work/OpenXML%20White%20Paper.pdf;
                 http://www.ecma-international.org/publications/files/ECMA-ST/ECMA-376.pdf;
                 http://www.ecma-international.org/publications/files/ECMA-ST/Office%20Open%20XML%20Part%201%20(PDF).pdf;
                 http://www.ecma-international.org/publications/files/ECMA-ST/Office%20Open%20XML%20Part%202%20(PDF).pdf;
                 http://www.ecma-international.org/publications/files/ECMA-ST/Office%20Open%20XML%20Part%203%20(PDF).pdf;
                 http://www.ecma-international.org/publications/files/ECMA-ST/Office%20Open%20XML%20Part%204%20(PDF).pdf;
                 http://www.ecma-international.org/publications/files/ECMA-ST/Office%20Open%20XML%20Part%205%20(PDF).zip",
  abstract =     "This Standard defines Office Open XML's vocabularies
                 and document representation and packaging. It also
                 specifies requirements for consumers and producers of
                 Office Open XML. An Office Open XML overview is
                 available on the Ecma website.",
  acknowledgement = ack-nhfb,
  ECMAnumber =   "ECMA-376",
}

@Book{ECMA-377,
  author =       "{ECMA}",
  title =        "{ECMA-377}: Office {Open XML} File Formats",
  publisher =    pub-ECMA,
  address =      pub-ECMA:adr,
  month =        dec,
  year =         "2006",
  bibdate =      "Mon Mar 12 16:45:14 2007",
  bibsource =    "http://www.ecma-international.org/publications/standards/Standard.htm",
  URL =          "http://www.ecma-international.org/publications/standards/Ecma-377.htm;
                  http://www.ecma-international.org/publications/files/ECMA-ST/Office%20Open%20XML%20Part%201%20(PDF).zip;
                http://www.ecma-international.org/publications/files/ECMA-ST/Office%20Open%20XML%20Part%202%20(PDF).zip;
                http://www.ecma-international.org/publications/files/ECMA-ST/Office%20Open%20XML%20Part%203%20(PDF).zip;
                http://www.ecma-international.org/publications/files/ECMA-ST/Office%20Open%20XML%20Part%204%20(PDF).zip;
                http://www.ecma-international.org/publications/files/ECMA-ST/Office%20Open%20XML%20Part%205%20(PDF).zip;
                  http://www.ecma-international.org/news/TC45_current_work/OpenXML%20White%20Paper.pdf",
  acknowledgement = ack-nhfb,
  ECMAnumber =   "ECMA-377",
  remark =       "Five parts, available in either DOCX or PDF formats.",
  abstract =     "This Standard defines Office Open XML's vocabularies
                 and document representation and packaging. It also
                 specifies requirements for consumers and producers of
                 Office Open XML. An Office Open XML overview is
                 available on the Ecma website",
}
