@book{ECMA-404,
    author =       "{ECMA}",
    title =        "{ECMA-404}: The JSON Data Interchange Format",
    publisher =    pub-ECMA,
    address =      pub-ECMA:adr,
    edition =      "First",
    month =        oct,
    year =         {2013},
    bibsource =    "http://www.ecma-international.org/publications/standards/Standard.htm",
    url = {http://www.ecma-international.org/publications/standards/Ecma-404.htm},
    acknowledgement = ack-nhfb,
    ECMAnumber =   "ECMA-404",
}

@misc{rfc-7049,
    author =        "{IETF}",
    title =         "{RFC 7049 - Concise Binary Object Representation (CBOR)}",
    url = {http://tools.ietf.org/html/rfc7049},
    urldate = {2015-01-13},
    month = oct,
    year = {2013},
}

@misc{rfc-7159,
    title = {{RFC} 7159 - The {JavaScript} Object Notation ({JSON}) Data Interchange Format},
    author = "{IETF}",
    month = mar,
    year = {2014},
    url = {https://tools.ietf.org/html/rfc7159},
    urldate = {2015-01-13},
}
